Date,Code,Time,SessionDistinction,Price,TradingVolume,TransactionId
2026-02-24,75320,09:00:00.057012,01,1016,752500,000000000462
2026-02-24,75320,09:00:00.449121,01,1015.5,300,000000000903
2026-02-24,75320,09:00:00.582248,01,1016,1000,000000000905
2026-02-24,75320,09:00:00.583126,01,1016,1000,000000000908
2026-02-24,75320,09:00:00.794969,01,1016,300,000000000911
2026-02-24,75320,09:00:01.070173,01,1016,1300,000000000914
2026-02-24,75320,09:00:01.182848,01,1015.5,100,000000000917
2026-02-24,75320,09:00:01.189363,01,1015,500,000000000922
2026-02-24,75320,09:00:01.242796,01,1015,300,000000000926
2026-02-24,75320,09:00:01.254903,01,1015,300,000000000928
2026-02-24,75320,09:00:01.282838,01,1015,400,000000000930
2026-02-24,75320,09:00:01.325191,01,1015.5,400,000000000933
2026-02-24,75320,09:00:01.325191,01,1016,600,000000000936
2026-02-24,75320,09:00:01.408228,01,1014,600,000000000940
2026-02-24,75320,09:00:01.531435,01,1013.5,100,000000000942
2026-02-24,75320,09:00:01.624738,01,1016,100,000000000944
2026-02-24,75320,09:00:01.697666,01,1015.5,100,000000000946
2026-02-24,75320,09:00:01.697666,01,1016,8800,000000000948
2026-02-24,75320,09:00:01.699269,01,1016,9800,000000000951
2026-02-24,75320,09:00:01.705527,01,1015.5,200,000000000954
2026-02-24,75320,09:00:01.706348,01,1015.5,100,000000000956
2026-02-24,75320,09:00:01.920786,01,1015.5,100,000000000958
2026-02-24,75320,09:00:02.073168,01,1015.5,100,000000000960
2026-02-24,75320,09:00:02.078168,01,1015.5,200,000000000962
2026-02-24,75320,09:00:02.079216,01,1015.5,1000,000000000964
2026-02-24,75320,09:00:02.080712,01,1016,1800,000000000966
2026-02-24,75320,09:00:02.082469,01,1016,100,000000000969
2026-02-24,75320,09:00:02.084711,01,1015.5,600,000000000971
2026-02-24,75320,09:00:02.170795,01,1015.5,200,000000000973
2026-02-24,75320,09:00:02.263018,01,1014.5,500,000000000976
2026-02-24,75320,09:00:02.275930,01,1015,400,000000000978
2026-02-24,75320,09:00:02.275930,01,1015.5,1400,000000000981
2026-02-24,75320,09:00:02.275930,01,1016,1000,000000000985
2026-02-24,75320,09:00:02.393548,01,1016,100,000000000988
2026-02-24,75320,09:00:02.734790,01,1015,100,000000000990
2026-02-24,75320,09:00:03.298155,01,1015.5,700,000000000992
2026-02-24,75320,09:00:03.298982,01,1016,5700,000000000996
2026-02-24,75320,09:00:03.299667,01,1016,4800,000000000999
2026-02-24,75320,09:00:03.301675,01,1016,11400,000000001002
2026-02-24,75320,09:00:03.302241,01,1016,3400,000000001005
2026-02-24,75320,09:00:03.309816,01,1016.5,100,000000001015
2026-02-24,75320,09:00:03.316256,01,1017,2200,000000001017
2026-02-24,75320,09:00:03.321238,01,1017.5,100,000000001030
2026-02-24,75320,09:00:03.370936,01,1017,400,000000001033
2026-02-24,75320,09:00:03.409907,01,1017,100,000000001035
2026-02-24,75320,09:00:03.721252,01,1017,100,000000001037
2026-02-24,75320,09:00:03.745385,01,1017.5,100,000000001039
2026-02-24,75320,09:00:04.200823,01,1016.5,200,000000001041
2026-02-24,75320,09:00:04.388271,01,1017.5,200,000000001049
2026-02-24,75320,09:00:04.388271,01,1017,400,000000001045
2026-02-24,75320,09:00:04.388271,01,1016.5,100,000000001043
2026-02-24,75320,09:00:04.879572,01,1017,100,000000001052
2026-02-24,75320,09:00:05.211668,01,1015.5,1100,000000001058
2026-02-24,75320,09:00:05.223332,01,1015,1000,000000001063
2026-02-24,75320,09:00:05.245356,01,1014.5,1800,000000001068
2026-02-24,75320,09:00:05.269485,01,1014,1900,000000001076
2026-02-24,75320,09:00:05.278557,01,1014.5,300,000000001078
2026-02-24,75320,09:00:05.282049,01,1014.5,300,000000001080
2026-02-24,75320,09:00:05.282049,01,1014,100,000000001082
2026-02-24,75320,09:00:05.677624,01,1015,100,000000001084
2026-02-24,75320,09:00:05.914851,01,1015.5,800,000000001086
2026-02-24,75320,09:00:05.920133,01,1016,300,000000001090
2026-02-24,75320,09:00:05.920133,01,1016.5,500,000000001093
2026-02-24,75320,09:00:05.920133,01,1017,800,000000001097
2026-02-24,75320,09:00:05.920133,01,1017.5,3300,000000001101
2026-02-24,75320,09:00:06.074969,01,1017,200,000000001104
2026-02-24,75320,09:00:06.221558,01,1015.5,400,000000001107
2026-02-24,75320,09:00:06.240585,01,1014.5,400,000000001110
2026-02-24,75320,09:00:06.305120,01,1015.5,500,000000001112
2026-02-24,75320,09:00:06.309589,01,1016,400,000000001116
2026-02-24,75320,09:00:06.311863,01,1016,100,000000001119
2026-02-24,75320,09:00:06.804394,01,1016,100,000000001121
2026-02-24,75320,09:00:08.005878,01,1017,300,000000001126
2026-02-24,75320,09:00:08.005878,01,1017.5,1100,000000001129
2026-02-24,75320,09:00:08.005878,01,1016.5,600,000000001123
2026-02-24,75320,09:00:08.029396,01,1017,200,000000001131
2026-02-24,75320,09:00:09.576939,01,1016,500,000000001135
2026-02-24,75320,09:00:09.578969,01,1016,100,000000001137
2026-02-24,75320,09:00:10.171411,01,1016.5,100,000000001139
2026-02-24,75320,09:00:10.290478,01,1016.5,100,000000001141
2026-02-24,75320,09:00:10.803215,01,1016.5,100,000000001143
2026-02-24,75320,09:00:11.075469,01,1016.5,100,000000001145
2026-02-24,75320,09:00:11.539034,01,1016.5,100,000000001147
2026-02-24,75320,09:00:11.841608,01,1016.5,100,000000001149
2026-02-24,75320,09:00:12.336154,01,1016.5,100,000000001151
2026-02-24,75320,09:00:12.602896,01,1016.5,100,000000001153
2026-02-24,75320,09:00:12.606748,01,1016,100,000000001155
2026-02-24,75320,09:00:12.613087,01,1015.5,100,000000001157
2026-02-24,75320,09:00:12.707144,01,1016,900,000000001159
2026-02-24,75320,09:00:12.711239,01,1015,200,000000001164
2026-02-24,75320,09:00:12.822758,01,1014.5,500,000000001167
2026-02-24,75320,09:00:12.920212,01,1013.5,500,000000001171
2026-02-24,75320,09:00:12.927792,01,1013,2300,000000001177
2026-02-24,75320,09:00:12.928543,01,1013.5,100,000000001179
2026-02-24,75320,09:00:12.934410,01,1013,100,000000001181
2026-02-24,75320,09:00:12.952471,01,1013,200,000000001184
2026-02-24,75320,09:00:12.953329,01,1013,100,000000001186
2026-02-24,75320,09:00:12.954091,01,1013.5,100,000000001188
2026-02-24,75320,09:00:13.027195,01,1014,100,000000001190
2026-02-24,75320,09:00:13.027195,01,1014.5,500,000000001192
2026-02-24,75320,09:00:13.057590,01,1013.5,100,000000001196
2026-02-24,75320,09:00:13.058903,01,1013.5,300,000000001198
2026-02-24,75320,09:00:13.087506,01,1015.5,100,000000001209
2026-02-24,75320,09:00:13.087506,01,1015,600,000000001204
2026-02-24,75320,09:00:13.087506,01,1014.5,400,000000001200
2026-02-24,75320,09:00:13.186495,01,1015.5,100,000000001211
2026-02-24,75320,09:00:13.189735,01,1014.5,200,000000001213
2026-02-24,75320,09:00:13.423831,01,1014,300,000000001215
2026-02-24,75320,09:00:13.432165,01,1014,200,000000001217
2026-02-24,75320,09:00:13.437980,01,1014,200,000000001219
2026-02-24,75320,09:00:13.466398,01,1014,100,000000001221
2026-02-24,75320,09:00:13.685863,01,1013.5,100,000000001223
2026-02-24,75320,09:00:13.748592,01,1014,200,000000001225
2026-02-24,75320,09:00:14.143834,01,1014.5,100,000000001227
2026-02-24,75320,09:00:14.342110,01,1015,100,000000001229
2026-02-24,75320,09:00:14.824715,01,1015.5,100,000000001231
2026-02-24,75320,09:00:15.014951,01,1016,300,000000001233
2026-02-24,75320,09:00:15.014951,01,1016.5,300,000000001236
2026-02-24,75320,09:00:15.043698,01,1015.5,200,000000001239
2026-02-24,75320,09:00:15.162077,01,1016.5,100,000000001241
2026-02-24,75320,09:00:15.852011,01,1015.5,100,000000001243
2026-02-24,75320,09:00:15.963103,01,1015,100,000000001245
2026-02-24,75320,09:00:16.269819,01,1016,100,000000001247
2026-02-24,75320,09:00:16.342539,01,1015,300,000000001250
2026-02-24,75320,09:00:16.477261,01,1014.5,300,000000001253
2026-02-24,75320,09:00:16.477261,01,1014,900,000000001259
2026-02-24,75320,09:00:16.477261,01,1013.5,700,000000001264
2026-02-24,75320,09:00:16.491204,01,1014.5,400,000000001266
2026-02-24,75320,09:00:16.776237,01,1015.5,500,000000001268
2026-02-24,75320,09:00:16.822889,01,1016,100,000000001271
2026-02-24,75320,09:00:16.887732,01,1014.5,100,000000001273
2026-02-24,75320,09:00:16.967495,01,1014.5,200,000000001275
2026-02-24,75320,09:00:17.743795,01,1015.5,100,000000001277
2026-02-24,75320,09:00:18.226700,01,1015.5,100,000000001279
2026-02-24,75320,09:00:18.275349,01,1015,100,000000001281
2026-02-24,75320,09:00:19.593842,01,1015.5,100,000000001283
2026-02-24,75320,09:00:20.042204,01,1015.5,100,000000001285
2026-02-24,75320,09:00:20.229042,01,1014.5,200,000000001287
2026-02-24,75320,09:00:20.708771,01,1015,100,000000001289
2026-02-24,75320,09:00:21.317280,01,1015,100,000000001291
2026-02-24,75320,09:00:22.563091,01,1014,200,000000001293
2026-02-24,75320,09:00:22.593899,01,1014,200,000000001295
2026-02-24,75320,09:00:22.660842,01,1013.5,800,000000001301
2026-02-24,75320,09:00:22.660842,01,1013,600,000000001305
2026-02-24,75320,09:00:22.660842,01,1012.5,300,000000001307
2026-02-24,75320,09:00:22.865632,01,1013,400,000000001311
2026-02-24,75320,09:00:22.878769,01,1013.5,400,000000001313
2026-02-24,75320,09:00:22.879795,01,1013,100,000000001316
2026-02-24,75320,09:00:23.657811,01,1014,100,000000001318
2026-02-24,75320,09:00:24.049314,01,1014.5,300,000000001320
2026-02-24,75320,09:00:24.049314,01,1015,300,000000001324
2026-02-24,75320,09:00:24.080742,01,1014.5,100,000000001328
2026-02-24,75320,09:00:24.247105,01,1014,200,000000001330
2026-02-24,75320,09:00:24.549297,01,1014.5,100,000000001332
2026-02-24,75320,09:00:25.315795,01,1013.5,200,000000001334
2026-02-24,75320,09:00:26.449296,01,1014.5,200,000000001336
2026-02-24,75320,09:00:27.220535,01,1013,400,000000001340
2026-02-24,75320,09:00:27.220535,01,1012.5,1500,000000001346
2026-02-24,75320,09:00:27.253879,01,1012.5,100,000000001348
2026-02-24,75320,09:00:27.277086,01,1013,200,000000001350
2026-02-24,75320,09:00:27.277086,01,1013.5,200,000000001353
2026-02-24,75320,09:00:27.407471,01,1013,200,000000001355
2026-02-24,75320,09:00:27.611243,01,1012.5,100,000000001357
2026-02-24,75320,09:00:27.612602,01,1012.5,200,000000001359
2026-02-24,75320,09:00:27.618159,01,1012,2300,000000001366
2026-02-24,75320,09:00:27.672857,01,1011.5,300,000000001369
2026-02-24,75320,09:00:27.770702,01,1012,100,000000001371
2026-02-24,75320,09:00:28.214426,01,1011,200,000000001373
2026-02-24,75320,09:00:28.240507,01,1012,100,000000001375
2026-02-24,75320,09:00:28.243080,01,1012,100,000000001377
2026-02-24,75320,09:00:28.243080,01,1012.5,200,000000001379
2026-02-24,75320,09:00:28.693872,01,1012.5,400,000000001382
2026-02-24,75320,09:00:28.693872,01,1013,200,000000001386
2026-02-24,75320,09:00:31.061235,01,1011.5,100,000000001388
2026-02-24,75320,09:00:31.363396,01,1012.5,100,000000001390
2026-02-24,75320,09:00:32.695217,01,1012.5,100,000000001392
2026-02-24,75320,09:00:32.698341,01,1012,100,000000001394
2026-02-24,75320,09:00:32.698969,01,1012.5,100,000000001396
2026-02-24,75320,09:00:32.698969,01,1013,100,000000001398
2026-02-24,75320,09:00:33.579281,01,1012,100,000000001400
2026-02-24,75320,09:00:33.586299,01,1012,100,000000001402
2026-02-24,75320,09:00:33.590215,01,1012,100,000000001404
2026-02-24,75320,09:00:33.881535,01,1013,200,000000001406
2026-02-24,75320,09:00:33.921788,01,1013,400,000000001408
2026-02-24,75320,09:00:33.928082,01,1013,100,000000001413
2026-02-24,75320,09:00:33.959140,01,1013.5,200,000000001415
2026-02-24,75320,09:00:33.960813,01,1013,100,000000001417
2026-02-24,75320,09:00:34.316256,01,1013.5,300,000000001419
2026-02-24,75320,09:00:34.317927,01,1012.5,100,000000001423
2026-02-24,75320,09:00:34.375126,01,1012.5,100,000000001425
2026-02-24,75320,09:00:34.376358,01,1012,1300,000000001431
2026-02-24,75320,09:00:34.382184,01,1011.5,100,000000001433
2026-02-24,75320,09:00:34.639865,01,1011,200,000000001435
2026-02-24,75320,09:00:34.837432,01,1012.5,300,000000001437
2026-02-24,75320,09:00:34.840948,01,1011.5,100,000000001441
2026-02-24,75320,09:00:34.843461,01,1011.5,100,000000001443
2026-02-24,75320,09:00:34.886113,01,1011.5,100,000000001445
2026-02-24,75320,09:00:35.713057,01,1011,1100,000000001452
2026-02-24,75320,09:00:36.068361,01,1010.5,900,000000001458
2026-02-24,75320,09:00:36.089306,01,1010.5,200,000000001460
2026-02-24,75320,09:00:36.197300,01,1010.5,200,000000001463
2026-02-24,75320,09:00:36.382405,01,1011,200,000000001465
2026-02-24,75320,09:00:36.383978,01,1011,300,000000001468
2026-02-24,75320,09:00:36.385751,01,1011,300,000000001470
2026-02-24,75320,09:00:36.386332,01,1010.5,100,000000001472
2026-02-24,75320,09:00:36.445368,01,1011.5,600,000000001474
2026-02-24,75320,09:00:36.445368,01,1012,100,000000001480
2026-02-24,75320,09:00:36.448844,01,1010.5,100,000000001482
2026-02-24,75320,09:00:36.454936,01,1010.5,100,000000001484
2026-02-24,75320,09:00:37.193516,01,1011.5,100,000000001486
2026-02-24,75320,09:00:37.247702,01,1012,100,000000001488
2026-02-24,75320,09:00:39.560922,01,1012,400,000000001490
2026-02-24,75320,09:00:39.846953,01,1012.5,100,000000001494
2026-02-24,75320,09:00:40.806242,01,1012.5,300,000000001496
2026-02-24,75320,09:00:40.812677,01,1012.5,2300,000000001498
2026-02-24,75320,09:00:40.817871,01,1011.5,100,000000001504
2026-02-24,75320,09:00:40.819545,01,1011.5,300,000000001507
2026-02-24,75320,09:00:40.821663,01,1011.5,100,000000001509
2026-02-24,75320,09:00:40.824400,01,1012.5,100,000000001511
2026-02-24,75320,09:00:40.846439,01,1013,200,000000001513
2026-02-24,75320,09:00:40.886729,01,1013.5,200,000000001516
2026-02-24,75320,09:00:40.891530,01,1014,100,000000001519
2026-02-24,75320,09:00:40.891929,01,1013.5,100,000000001521
2026-02-24,75320,09:00:40.896760,01,1014,200,000000001523
2026-02-24,75320,09:00:40.963312,01,1014.5,100,000000001525
2026-02-24,75320,09:00:40.963312,01,1015,400,000000001527
2026-02-24,75320,09:00:40.968361,01,1014,100,000000001531
2026-02-24,75320,09:00:41.311065,01,1015.5,100,000000001533
2026-02-24,75320,09:00:41.753509,01,1015,200,000000001535
2026-02-24,75320,09:00:41.753509,01,1015.5,400,000000001538
2026-02-24,75320,09:00:41.900202,01,1015.5,100,000000001542
2026-02-24,75320,09:00:41.984400,01,1015.5,100,000000001544
2026-02-24,75320,09:00:43.655484,01,1015,100,000000001546
2026-02-24,75320,09:00:43.660215,01,1015,100,000000001548
2026-02-24,75320,09:00:44.451206,01,1015.5,200,000000001550
2026-02-24,75320,09:00:44.453145,01,1015,100,000000001553
2026-02-24,75320,09:00:44.784730,01,1015.5,200,000000001555
2026-02-24,75320,09:00:44.784730,01,1016,100,000000001557
2026-02-24,75320,09:00:45.382213,01,1016,100,000000001559
2026-02-24,75320,09:00:45.444367,01,1016,100,000000001561
2026-02-24,75320,09:00:46.023178,01,1014.5,1300,000000001571
2026-02-24,75320,09:00:46.040828,01,1014,1100,000000001579
2026-02-24,75320,09:00:46.052836,01,1013.5,600,000000001583
2026-02-24,75320,09:00:46.063613,01,1013,700,000000001588
2026-02-24,75320,09:00:46.076567,01,1012.5,600,000000001591
2026-02-24,75320,09:00:46.453355,01,1014,200,000000001593
2026-02-24,75320,09:00:46.747746,01,1014,200,000000001596
2026-02-24,75320,09:00:47.034546,01,1012.5,200,000000001600
2026-02-24,75320,09:00:47.044752,01,1012,800,000000001605
2026-02-24,75320,09:00:47.051193,01,1013,100,000000001607
2026-02-24,75320,09:00:47.059194,01,1011.5,400,000000001611
2026-02-24,75320,09:00:47.065275,01,1011.5,200,000000001613
2026-02-24,75320,09:00:47.068245,01,1011.5,100,000000001615
2026-02-24,75320,09:00:47.070401,01,1011,200,000000001617
2026-02-24,75320,09:00:47.075479,01,1010.5,900,000000001624
2026-02-24,75320,09:00:47.081891,01,1012.5,300,000000001626
2026-02-24,75320,09:00:47.087446,01,1011,200,000000001630
2026-02-24,75320,09:00:47.089951,01,1012.5,100,000000001632
2026-02-24,75320,09:00:47.112765,01,1013,1000,000000001634
2026-02-24,75320,09:00:47.117123,01,1011.5,200,000000001638
2026-02-24,75320,09:00:47.143723,01,1013.5,300,000000001640
2026-02-24,75320,09:00:47.143723,01,1014,700,000000001643
2026-02-24,75320,09:00:47.268519,01,1013.5,400,000000001647
2026-02-24,75320,09:00:48.064857,01,1014,500,000000001649
2026-02-24,75320,09:00:48.070331,01,1014,100,000000001654
2026-02-24,75320,09:00:48.073220,01,1013.5,100,000000001656
2026-02-24,75320,09:00:48.087199,01,1014,100,000000001658
2026-02-24,75320,09:00:49.354936,01,1014,100,000000001660
2026-02-24,75320,09:00:49.356354,01,1014,200,000000001662
2026-02-24,75320,09:00:49.359065,01,1013,100,000000001665
2026-02-24,75320,09:00:50.255910,01,1014.5,100,000000001667
2026-02-24,75320,09:00:50.256978,01,1014.5,200,000000001669
2026-02-24,75320,09:00:50.262125,01,1013.5,100,000000001674
2026-02-24,75320,09:00:50.262125,01,1014,100,000000001672
2026-02-24,75320,09:00:50.882076,01,1015,200,000000001676
2026-02-24,75320,09:00:51.791242,01,1014.5,100,000000001679
2026-02-24,75320,09:00:51.793849,01,1014.5,100,000000001681
2026-02-24,75320,09:00:51.795326,01,1014.5,100,000000001683
2026-02-24,75320,09:00:51.795326,01,1015,100,000000001685
2026-02-24,75320,09:00:51.809851,01,1015,400,000000001687
2026-02-24,75320,09:00:51.809851,01,1015.5,100,000000001692
2026-02-24,75320,09:00:52.255737,01,1015.5,100,000000001694
2026-02-24,75320,09:00:52.307617,01,1016,400,000000001696
2026-02-24,75320,09:00:53.030360,01,1016,200,000000001700
2026-02-24,75320,09:00:53.032290,01,1015,100,000000001703
2026-02-24,75320,09:00:53.039607,01,1016,100,000000001705
2026-02-24,75320,09:00:53.052001,01,1015,100,000000001707
2026-02-24,75320,09:00:53.066102,01,1015,200,000000001709
2026-02-24,75320,09:00:53.271076,01,1016,100,000000001711
2026-02-24,75320,09:00:54.104573,01,1016,100,000000001713
2026-02-24,75320,09:00:54.715872,01,1015,100,000000001715
2026-02-24,75320,09:00:54.731965,01,1015.5,200,000000001717
2026-02-24,75320,09:00:54.862409,01,1016,100,000000001720
2026-02-24,75320,09:00:54.975012,01,1015.5,200,000000001723
2026-02-24,75320,09:00:57.030747,01,1015.5,300,000000001725
2026-02-24,75320,09:00:57.030747,01,1016,700,000000001729
2026-02-24,75320,09:00:57.034477,01,1015,100,000000001734
2026-02-24,75320,09:00:57.081442,01,1016,300,000000001736
2026-02-24,75320,09:00:57.169592,01,1016,100,000000001738
2026-02-24,75320,09:00:59.365702,01,1016,100,000000001740
2026-02-24,75320,09:01:00.243531,01,1015,100,000000001742
2026-02-24,75320,09:01:00.244659,01,1015,100,000000001744
2026-02-24,75320,09:01:00.380865,01,1015.5,100,000000001746
2026-02-24,75320,09:01:01.043879,01,1015,300,000000001749
2026-02-24,75320,09:01:01.094845,01,1015,100,000000001751
2026-02-24,75320,09:01:01.124621,01,1014.5,2000,000000001760
2026-02-24,75320,09:01:01.151582,01,1015,100,000000001762
2026-02-24,75320,09:01:01.316050,01,1014,200,000000001765
2026-02-24,75320,09:01:01.421643,01,1014.5,300,000000001767
2026-02-24,75320,09:01:01.421643,01,1015,200,000000001771
2026-02-24,75320,09:01:01.424228,01,1013,200,000000001775
2026-02-24,75320,09:01:01.427632,01,1013,100,000000001777
2026-02-24,75320,09:01:02.006659,01,1014,100,000000001779
2026-02-24,75320,09:01:02.010284,01,1014,100,000000001781
2026-02-24,75320,09:01:02.015721,01,1014,100,000000001783
2026-02-24,75320,09:01:02.042035,01,1014,100,000000001785
2026-02-24,75320,09:01:02.048497,01,1014.5,100,000000001787
2026-02-24,75320,09:01:02.075952,01,1015,100,000000001789
2026-02-24,75320,09:01:02.078412,01,1015.5,200,000000001791
2026-02-24,75320,09:01:02.167588,01,1015,100,000000001794
2026-02-24,75320,09:01:02.171335,01,1014.5,100,000000001796
2026-02-24,75320,09:01:02.309157,01,1015,100,000000001798
2026-02-24,75320,09:01:02.398969,01,1015,100,000000001800
2026-02-24,75320,09:01:03.459298,01,1016,300,000000001802
2026-02-24,75320,09:01:03.488092,01,1016,700,000000001804
2026-02-24,75320,09:01:03.673564,01,1016.5,400,000000001808
2026-02-24,75320,09:01:03.706284,01,1016.5,100,000000001813
2026-02-24,75320,09:01:03.709452,01,1016.5,500,000000001816
2026-02-24,75320,09:01:03.711013,01,1016,100,000000001818
2026-02-24,75320,09:01:04.479661,01,1017,100,000000001820
2026-02-24,75320,09:01:04.484573,01,1016.5,200,000000001823
2026-02-24,75320,09:01:04.655167,01,1016,200,000000001826
2026-02-24,75320,09:01:04.665207,01,1016,500,000000001829
2026-02-24,75320,09:01:04.669031,01,1015.5,100,000000001831
2026-02-24,75320,09:01:04.800210,01,1015.5,100,000000001833
2026-02-24,75320,09:01:04.803332,01,1015.5,100,000000001835
2026-02-24,75320,09:01:05.497797,01,1016,100,000000001837
2026-02-24,75320,09:01:05.583424,01,1016,300,000000001839
2026-02-24,75320,09:01:05.583424,01,1016.5,200,000000001843
2026-02-24,75320,09:01:05.585461,01,1015,600,000000001850
2026-02-24,75320,09:01:05.937938,01,1014.5,200,000000001853
2026-02-24,75320,09:01:05.950513,01,1014,300,000000001857
2026-02-24,75320,09:01:06.507147,01,1015.5,100,000000001859
2026-02-24,75320,09:01:06.678476,01,1015.5,100,000000001861
2026-02-24,75320,09:01:06.682339,01,1015,100,000000001863
2026-02-24,75320,09:01:06.777501,01,1015.5,100,000000001865
2026-02-24,75320,09:01:06.782065,01,1014.5,100,000000001867
2026-02-24,75320,09:01:07.099076,01,1015,100,000000001869
2026-02-24,75320,09:01:07.103950,01,1015,100,000000001871
2026-02-24,75320,09:01:07.154992,01,1014.5,200,000000001873
2026-02-24,75320,09:01:07.248413,01,1014.5,100,000000001875
2026-02-24,75320,09:01:07.407905,01,1015,200,000000001877
2026-02-24,75320,09:01:07.407905,01,1015.5,100,000000001880
2026-02-24,75320,09:01:08.502404,01,1014.5,200,000000001883
2026-02-24,75320,09:01:09.006961,01,1014,100,000000001885
2026-02-24,75320,09:01:09.013784,01,1014,100,000000001887
2026-02-24,75320,09:01:09.505040,01,1014,300,000000001890
2026-02-24,75320,09:01:10.360951,01,1013.5,100,000000001892
2026-02-24,75320,09:01:10.362223,01,1013.5,200,000000001895
2026-02-24,75320,09:01:10.370128,01,1013,100,000000001897
2026-02-24,75320,09:01:10.730944,01,1013,500,000000001902
2026-02-24,75320,09:01:11.375146,01,1012.5,100,000000001904
2026-02-24,75320,09:01:11.777254,01,1012.5,300,000000001907
2026-02-24,75320,09:01:11.778608,01,1012,2300,000000001918
2026-02-24,75320,09:01:11.797560,01,1012,200,000000001920
2026-02-24,75320,09:01:11.826508,01,1011.5,400,000000001925
2026-02-24,75320,09:01:11.969824,01,1011.5,100,000000001927
2026-02-24,75320,09:01:11.969824,01,1012,400,000000001929
2026-02-24,75320,09:01:11.969824,01,1012.5,300,000000001933
2026-02-24,75320,09:01:12.010266,01,1012.5,200,000000001937
2026-02-24,75320,09:01:12.262696,01,1012.5,100,000000001939
2026-02-24,75320,09:01:12.269284,01,1012,100,000000001941
2026-02-24,75320,09:01:12.272130,01,1011.5,400,000000001945
2026-02-24,75320,09:01:12.276922,01,1011,100,000000001947
2026-02-24,75320,09:01:12.388436,01,1010.5,400,000000001951
2026-02-24,75320,09:01:12.697780,01,1011.5,200,000000001953
2026-02-24,75320,09:01:12.791946,01,1012,100,000000001956
2026-02-24,75320,09:01:13.242159,01,1011,100,000000001958
2026-02-24,75320,09:01:13.272000,01,1011.5,100,000000001960
2026-02-24,75320,09:01:13.399249,01,1010.5,400,000000001963
2026-02-24,75320,09:01:13.428455,01,1011,100,000000001965
2026-02-24,75320,09:01:13.436675,01,1010.5,200,000000001968
2026-02-24,75320,09:01:13.999429,01,1011.5,200,000000001970
2026-02-24,75320,09:01:13.999429,01,1012,200,000000001973
2026-02-24,75320,09:01:14.410809,01,1010.5,200,000000001977
2026-02-24,75320,09:01:15.398673,01,1012,100,000000001979
2026-02-24,75320,09:01:15.420588,01,1011,100,000000001981
2026-02-24,75320,09:01:15.495458,01,1012.5,100,000000001983
2026-02-24,75320,09:01:16.045590,01,1012.5,100,000000001985
2026-02-24,75320,09:01:16.090925,01,1011.5,100,000000001987
2026-02-24,75320,09:01:16.435613,01,1011,100,000000001989
2026-02-24,75320,09:01:16.932109,01,1012.5,100,000000001991
2026-02-24,75320,09:01:17.702109,01,1011,400,000000001995
2026-02-24,75320,09:01:17.712183,01,1011,100,000000001997
2026-02-24,75320,09:01:17.714438,01,1011.5,100,000000001999
2026-02-24,75320,09:01:17.715844,01,1011,100,000000002001
2026-02-24,75320,09:01:17.717696,01,1011,100,000000002003
2026-02-24,75320,09:01:17.717696,01,1010.5,400,000000002007
2026-02-24,75320,09:01:18.085236,01,1011.5,300,000000002009
2026-02-24,75320,09:01:18.085236,01,1012,100,000000002013
2026-02-24,75320,09:01:18.711676,01,1010.5,100,000000002015
2026-02-24,75320,09:01:19.099406,01,1012,100,000000002017
2026-02-24,75320,09:01:19.109297,01,1011,200,000000002020
2026-02-24,75320,09:01:19.722373,01,1011,100,000000002022
2026-02-24,75320,09:01:19.728363,01,1011,100,000000002024
2026-02-24,75320,09:01:19.769784,01,1010.5,200,000000002027
2026-02-24,75320,09:01:20.031121,01,1010.5,100,000000002029
2026-02-24,75320,09:01:20.034140,01,1010.5,100,000000002031
2026-02-24,75320,09:01:20.034140,01,1010,12100,000000002057
2026-02-24,75320,09:01:20.078580,01,1010,100,000000002059
2026-02-24,75320,09:01:20.079740,01,1010.5,200,000000002061
2026-02-24,75320,09:01:20.083271,01,1009.5,800,000000002068
2026-02-24,75320,09:01:20.131526,01,1010,100,000000002070
2026-02-24,75320,09:01:20.131526,01,1010.5,400,000000002072
2026-02-24,75320,09:01:20.131526,01,1011,1600,000000002076
2026-02-24,75320,09:01:20.160723,01,1010.5,100,000000002082
2026-02-24,75320,09:01:20.198171,01,1010,200,000000002085
2026-02-24,75320,09:01:20.291430,01,1011,300,000000002087
2026-02-24,75320,09:01:20.733659,01,1009.5,500,000000002092
2026-02-24,75320,09:01:20.740234,01,1009.5,100,000000002094
2026-02-24,75320,09:01:20.744502,01,1009,900,000000002102
2026-02-24,75320,09:01:20.756642,01,1010,300,000000002104
2026-02-24,75320,09:01:20.758506,01,1010,800,000000002107
2026-02-24,75320,09:01:20.759092,01,1009.5,100,000000002110
2026-02-24,75320,09:01:20.899330,01,1010.5,100,000000002112
2026-02-24,75320,09:01:21.177486,01,1010,200,000000002115
2026-02-24,75320,09:01:21.741425,01,1009,500,000000002120
2026-02-24,75320,09:01:21.744848,01,1010,100,000000002122
2026-02-24,75320,09:01:21.749901,01,1009,300,000000002126
2026-02-24,75320,09:01:21.761875,01,1010,100,000000002128
2026-02-24,75320,09:01:21.928375,01,1011,600,000000002130
2026-02-24,75320,09:01:22.756424,01,1009.5,600,000000002138
2026-02-24,75320,09:01:23.770476,01,1009.5,100,000000002140
2026-02-24,75320,09:01:24.721228,01,1010.5,200,000000002142
2026-02-24,75320,09:01:24.745115,01,1009.5,300,000000002146
2026-02-24,75320,09:01:24.781590,01,1009,100,000000002148
2026-02-24,75320,09:01:25.221578,01,1010.5,200,000000002150
2026-02-24,75320,09:01:25.809904,01,1009.5,100,000000002153
2026-02-24,75320,09:01:26.640760,01,1009.5,300,000000002157
2026-02-24,75320,09:01:26.648098,01,1009,400,000000002161
2026-02-24,75320,09:01:26.658774,01,1009,100,000000002163
2026-02-24,75320,09:01:26.665730,01,1008.5,400,000000002168
2026-02-24,75320,09:01:26.821784,01,1008.5,100,000000002170
2026-02-24,75320,09:01:26.824354,01,1008.5,100,000000002172
2026-02-24,75320,09:01:27.829657,01,1008.5,100,000000002174
2026-02-24,75320,09:01:29.145351,01,1009.5,200,000000002176
2026-02-24,75320,09:01:29.153677,01,1009.5,100,000000002179
2026-02-24,75320,09:01:29.153677,01,1009,200,000000002182
2026-02-24,75320,09:01:30.154891,01,1009,100,000000002184
2026-02-24,75320,09:01:30.795322,01,1010,300,000000002186
2026-02-24,75320,09:01:31.164207,01,1009,100,000000002190
2026-02-24,75320,09:01:31.201899,01,1009,700,000000002196
2026-02-24,75320,09:01:31.210942,01,1009,200,000000002198
2026-02-24,75320,09:01:32.173623,01,1008.5,100,000000002200
2026-02-24,75320,09:01:35.254776,01,1008.5,100,000000002202
2026-02-24,75320,09:01:35.265709,01,1008.5,300,000000002206
2026-02-24,75320,09:01:35.281513,01,1009.5,700,000000002208
2026-02-24,75320,09:01:35.282927,01,1009,100,000000002214
2026-02-24,75320,09:01:35.290766,01,1009.5,100,000000002216
2026-02-24,75320,09:01:35.291238,01,1009.5,100,000000002218
2026-02-24,75320,09:01:35.300442,01,1009,100,000000002220
2026-02-24,75320,09:01:35.300812,01,1009,100,000000002222
2026-02-24,75320,09:01:35.910770,01,1010,500,000000002224
2026-02-24,75320,09:01:36.264561,01,1008.5,200,000000002228
2026-02-24,75320,09:01:36.588497,01,1010,700,000000002230
2026-02-24,75320,09:01:36.597724,01,1009.5,200,000000002234
2026-02-24,75320,09:01:37.284129,01,1009,200,000000002237
2026-02-24,75320,09:01:38.296338,01,1009,100,000000002239
2026-02-24,75320,09:01:41.414689,01,1009,400,000000002243
2026-02-24,75320,09:01:41.416633,01,1009.5,400,000000002245
2026-02-24,75320,09:01:41.417950,01,1009,500,000000002252
2026-02-24,75320,09:01:41.427315,01,1009.5,100,000000002254
2026-02-24,75320,09:01:42.353608,01,1009.5,100,000000002256
2026-02-24,75320,09:01:42.488967,01,1010,3800,000000002258
2026-02-24,75320,09:01:42.490521,01,1010,2200,000000002264
2026-02-24,75320,09:01:43.367072,01,1010,400,000000002269
2026-02-24,75320,09:01:43.393387,01,1010.5,500,000000002271
2026-02-24,75320,09:01:43.393387,01,1011,800,000000002276
2026-02-24,75320,09:01:44.378640,01,1010,200,000000002282
2026-02-24,75320,09:01:44.387808,01,1009.5,300,000000002286
2026-02-24,75320,09:01:45.386950,01,1010,100,000000002288
2026-02-24,75320,09:01:45.667490,01,1010.5,300,000000002290
2026-02-24,75320,09:01:46.314277,01,1010,300,000000002295
2026-02-24,75320,09:01:46.320295,01,1009.5,100,000000002297
2026-02-24,75320,09:01:46.325054,01,1009.5,100,000000002299
2026-02-24,75320,09:01:46.330325,01,1009.5,100,000000002301
2026-02-24,75320,09:01:46.408732,01,1009,100,000000002303
2026-02-24,75320,09:01:47.459246,01,1009,400,000000002307
2026-02-24,75320,09:01:47.460209,01,1009.5,100,000000002309
2026-02-24,75320,09:01:47.471238,01,1009,100,000000002311
2026-02-24,75320,09:01:47.484596,01,1009,100,000000002313
2026-02-24,75320,09:01:47.706729,01,1009.5,300,000000002315
2026-02-24,75320,09:01:48.204888,01,1009,200,000000002320
2026-02-24,75320,09:01:48.208062,01,1009,100,000000002322
2026-02-24,75320,09:01:48.219029,01,1008.5,900,000000002329
2026-02-24,75320,09:01:48.220279,01,1009,100,000000002331
2026-02-24,75320,09:01:48.227872,01,1008.5,100,000000002333
2026-02-24,75320,09:01:48.241895,01,1008.5,2200,000000002335
2026-02-24,75320,09:01:48.469840,01,1008.5,300,000000002339
2026-02-24,75320,09:01:48.584819,01,1009.5,300,000000002341
2026-02-24,75320,09:01:48.584819,01,1010,400,000000002345
2026-02-24,75320,09:01:49.126471,01,1008.5,100,000000002349
2026-02-24,75320,09:01:49.478682,01,1008.5,300,000000002352
2026-02-24,75320,09:01:49.663844,01,1009.5,500,000000002354
2026-02-24,75320,09:01:49.705602,01,1009.5,100,000000002357
2026-02-24,75320,09:01:50.487586,01,1009,300,000000002361
2026-02-24,75320,09:01:51.428674,01,1010,300,000000002363
2026-02-24,75320,09:01:51.499014,01,1009,100,000000002367
2026-02-24,75320,09:01:52.008055,01,1010,300,000000002369
2026-02-24,75320,09:01:52.507701,01,1009,100,000000002371
2026-02-24,75320,09:01:52.508999,01,1009,600,000000002376
2026-02-24,75320,09:01:52.668148,01,1008.5,200,000000002379
2026-02-24,75320,09:01:52.975238,01,1009,200,000000002381
2026-02-24,75320,09:01:53.516715,01,1008.5,100,000000002384
2026-02-24,75320,09:01:53.642934,01,1009.5,300,000000002386
2026-02-24,75320,09:01:54.182618,01,1009.5,200,000000002389
2026-02-24,75320,09:01:54.533983,01,1008.5,100,000000002392
2026-02-24,75320,09:01:55.326860,01,1009,100,000000002394
2026-02-24,75320,09:01:55.543399,01,1008.5,100,000000002396
2026-02-24,75320,09:01:55.734594,01,1009.5,100,000000002398
2026-02-24,75320,09:01:56.368632,01,1009.5,700,000000002400
2026-02-24,75320,09:01:56.401261,01,1010,200,000000002405
2026-02-24,75320,09:01:56.585020,01,1010,200,000000002407
2026-02-24,75320,09:01:56.793927,01,1010,200,000000002409
2026-02-24,75320,09:01:56.995390,01,1010,300,000000002411
2026-02-24,75320,09:01:56.996292,01,1010,600,000000002414
2026-02-24,75320,09:01:56.997681,01,1010,300,000000002418
2026-02-24,75320,09:01:57.343911,01,1010,300,000000002420
2026-02-24,75320,09:01:57.351302,01,1010,100,000000002424
2026-02-24,75320,09:01:57.648046,01,1010,100,000000002426
2026-02-24,75320,09:02:02.673155,01,1010,100,000000002428
2026-02-24,75320,09:02:02.763878,01,1010,400,000000002430
2026-02-24,75320,09:02:03.633620,01,1010.5,100,000000002433
2026-02-24,75320,09:02:04.718038,01,1010.5,100,000000002435
2026-02-24,75320,09:02:04.809078,01,1011,300,000000002437
2026-02-24,75320,09:02:06.184236,01,1010.5,100,000000002439
2026-02-24,75320,09:02:06.220994,01,1011,200,000000002441
2026-02-24,75320,09:02:06.413031,01,1011,200,000000002444
2026-02-24,75320,09:02:06.465463,01,1010.5,300,000000002448
2026-02-24,75320,09:02:08.413198,01,1010.5,200,000000002450
2026-02-24,75320,09:02:08.414318,01,1010.5,200,000000002453
2026-02-24,75320,09:02:08.422286,01,1010.5,100,000000002455
2026-02-24,75320,09:02:10.530544,01,1010.5,200,000000002458
2026-02-24,75320,09:02:11.165326,01,1010.5,700,000000002462
2026-02-24,75320,09:02:11.170637,01,1010.5,100,000000002464
2026-02-24,75320,09:02:11.171641,01,1010.5,100,000000002466
2026-02-24,75320,09:02:11.174576,01,1010.5,100,000000002468
2026-02-24,75320,09:02:11.214091,01,1010.5,200,000000002470
2026-02-24,75320,09:02:11.214091,01,1011,100,000000002472
2026-02-24,75320,09:02:11.244340,01,1011,200,000000002474
2026-02-24,75320,09:02:11.950138,01,1011,300,000000002476
2026-02-24,75320,09:02:12.007340,01,1011,200,000000002480
2026-02-24,75320,09:02:12.380166,01,1011,400,000000002482
2026-02-24,75320,09:02:12.619005,01,1011,300,000000002484
2026-02-24,75320,09:02:13.399457,01,1011,200,000000002487
2026-02-24,75320,09:02:13.401069,01,1010.5,200,000000002491
2026-02-24,75320,09:02:13.780802,01,1010.5,200,000000002494
2026-02-24,75320,09:02:15.074747,01,1010.5,100,000000002496
2026-02-24,75320,09:02:15.078823,01,1010.5,100,000000002498
2026-02-24,75320,09:02:16.496626,01,1010.5,100,000000002500
2026-02-24,75320,09:02:16.540330,01,1011,300,000000002502
2026-02-24,75320,09:02:17.515269,01,1010,100,000000002504
2026-02-24,75320,09:02:18.745696,01,1011,300,000000002506
2026-02-24,75320,09:02:19.759970,01,1010.5,100,000000002508
2026-02-24,75320,09:02:19.811864,01,1011,300,000000002510
2026-02-24,75320,09:02:20.666102,01,1010.5,100,000000002513
2026-02-24,75320,09:02:20.698036,01,1010,1600,000000002524
2026-02-24,75320,09:02:20.775764,01,1009.5,200,000000002527
2026-02-24,75320,09:02:21.012296,01,1010,300,000000002529
2026-02-24,75320,09:02:21.787212,01,1009.5,100,000000002532
2026-02-24,75320,09:02:21.910026,01,1009.5,300,000000002536
2026-02-24,75320,09:02:22.009493,01,1009.5,200,000000002538
2026-02-24,75320,09:02:22.057199,01,1009.5,100,000000002540
2026-02-24,75320,09:02:22.057963,01,1009.5,100,000000002542
2026-02-24,75320,09:02:22.797410,01,1009,100,000000002544
2026-02-24,75320,09:02:23.807652,01,1009,100,000000002546
2026-02-24,75320,09:02:23.897067,01,1009,400,000000002549
2026-02-24,75320,09:02:24.552604,01,1009.5,400,000000002551
2026-02-24,75320,09:02:24.816220,01,1009,100,000000002555
2026-02-24,75320,09:02:25.067338,01,1009,100,000000002557
2026-02-24,75320,09:02:25.134948,01,1009.5,200,000000002559
2026-02-24,75320,09:02:25.134948,01,1010,200,000000002562
2026-02-24,75320,09:02:25.139662,01,1008.5,100,000000002565
2026-02-24,75320,09:02:25.500218,01,1009,100,000000002567
2026-02-24,75320,09:02:25.830305,01,1008.5,100,000000002569
2026-02-24,75320,09:02:26.675421,01,1009.5,100,000000002571
2026-02-24,75320,09:02:28.765139,01,1009.5,300,000000002573
2026-02-24,75320,09:02:28.767597,01,1009.5,500,000000002575
2026-02-24,75320,09:02:28.772863,01,1009,200,000000002580
2026-02-24,75320,09:02:30.116892,01,1009.5,200,000000002582
2026-02-24,75320,09:02:30.116892,01,1010,200,000000002585
2026-02-24,75320,09:02:30.120491,01,1009,100,000000002587
2026-02-24,75320,09:02:30.124475,01,1009.5,100,000000002589
2026-02-24,75320,09:02:30.126901,01,1009,200,000000002592
2026-02-24,75320,09:02:30.814398,01,1010,300,000000002594
2026-02-24,75320,09:02:32.008430,01,1010,200,000000002597
2026-02-24,75320,09:02:33.892707,01,1009.5,100,000000002600
2026-02-24,75320,09:02:33.898691,01,1009.5,100,000000002602
2026-02-24,75320,09:02:33.924564,01,1009.5,100,000000002604
2026-02-24,75320,09:02:33.930864,01,1009.5,100,000000002606
2026-02-24,75320,09:02:35.059935,01,1010,300,000000002608
2026-02-24,75320,09:02:35.634658,01,1010,200,000000002612
2026-02-24,75320,09:02:36.983707,01,1010,400,000000002614
2026-02-24,75320,09:02:37.363473,01,1010,300,000000002617
2026-02-24,75320,09:02:37.368004,01,1009.5,100,000000002620
2026-02-24,75320,09:02:42.008047,01,1010,200,000000002622
2026-02-24,75320,09:02:42.009319,01,1010,300,000000002625
2026-02-24,75320,09:02:42.013853,01,1010,100,000000002627
2026-02-24,75320,09:02:42.134306,01,1010.5,300,000000002629
2026-02-24,75320,09:02:43.216576,01,1010.5,200,000000002633
2026-02-24,75320,09:02:44.064777,01,1010.5,1300,000000002636
2026-02-24,75320,09:02:44.067942,01,1010.5,1000,000000002642
2026-02-24,75320,09:02:44.068346,01,1010,100,000000002646
2026-02-24,75320,09:02:45.450113,01,1011,600,000000002648
2026-02-24,75320,09:02:46.497425,01,1011,300,000000002653
2026-02-24,75320,09:02:48.532874,01,1010.5,300,000000002658
2026-02-24,75320,09:02:49.879634,01,1010.5,200,000000002660
2026-02-24,75320,09:02:50.203464,01,1010.5,100,000000002662
2026-02-24,75320,09:02:50.427142,01,1011,200,000000002664
2026-02-24,75320,09:02:51.505952,01,1010.5,300,000000002666
2026-02-24,75320,09:02:51.507535,01,1010,700,000000002675
2026-02-24,75320,09:02:51.512460,01,1009.5,3400,000000002683
2026-02-24,75320,09:02:51.532276,01,1009.5,100,000000002685
2026-02-24,75320,09:02:51.654672,01,1010,300,000000002687
2026-02-24,75320,09:02:51.670814,01,1010,100,000000002690
2026-02-24,75320,09:02:51.909655,01,1009.5,200,000000002692
2026-02-24,75320,09:02:52.927819,01,1009.5,100,000000002694
2026-02-24,75320,09:02:52.936887,01,1010,400,000000002696
2026-02-24,75320,09:02:52.936887,01,1010.5,500,000000002700
2026-02-24,75320,09:02:53.945858,01,1009.5,100,000000002705
2026-02-24,75320,09:02:54.435466,01,1010.5,200,000000002707
2026-02-24,75320,09:02:55.834006,01,1010.5,200,000000002710
2026-02-24,75320,09:02:55.992767,01,1010.5,100,000000002713
2026-02-24,75320,09:02:57.707981,01,1011,300,000000002715
2026-02-24,75320,09:02:57.710128,01,1011,100,000000002718
2026-02-24,75320,09:02:58.719316,01,1010,100,000000002720
2026-02-24,75320,09:02:58.722678,01,1010,100,000000002722
2026-02-24,75320,09:03:00.371889,01,1010,100,000000002724
2026-02-24,75320,09:03:00.374292,01,1010,200,000000002726
2026-02-24,75320,09:03:01.156232,01,1009.5,200,000000002729
2026-02-24,75320,09:03:01.161736,01,1009,800,000000002735
2026-02-24,75320,09:03:01.163913,01,1009,100,000000002737
2026-02-24,75320,09:03:01.478681,01,1008.5,200,000000002739
2026-02-24,75320,09:03:02.335035,01,1009.5,400,000000002741
2026-02-24,75320,09:03:02.335975,01,1009.5,300,000000002744
2026-02-24,75320,09:03:02.487028,01,1009,100,000000002748
2026-02-24,75320,09:03:04.358997,01,1010,500,000000002750
2026-02-24,75320,09:03:05.370354,01,1010,100,000000002754
2026-02-24,75320,09:03:05.624048,01,1010.5,400,000000002756
2026-02-24,75320,09:03:06.378832,01,1010,100,000000002760
2026-02-24,75320,09:03:08.422903,01,1010.5,300,000000002762
2026-02-24,75320,09:03:08.500918,01,1010,200,000000002766
2026-02-24,75320,09:03:09.434086,01,1009.5,100,000000002768
2026-02-24,75320,09:03:09.490752,01,1010,200,000000002770
2026-02-24,75320,09:03:12.009899,01,1010.5,500,000000002772
2026-02-24,75320,09:03:12.190375,01,1011,600,000000002776
2026-02-24,75320,09:03:12.699854,01,1011,200,000000002782
2026-02-24,75320,09:03:13.717290,01,1011,100,000000002784
2026-02-24,75320,09:03:13.726495,01,1011,100,000000002786
2026-02-24,75320,09:03:13.727988,01,1011,100,000000002788
2026-02-24,75320,09:03:14.058280,01,1011.5,300,000000002790
2026-02-24,75320,09:03:14.059455,01,1011.5,800,000000002793
2026-02-24,75320,09:03:14.066723,01,1011.5,100,000000002797
2026-02-24,75320,09:03:14.671398,01,1011.5,300,000000002800
2026-02-24,75320,09:03:16.298690,01,1011,200,000000002803
2026-02-24,75320,09:03:16.299809,01,1011,100,000000002805
2026-02-24,75320,09:03:16.308268,01,1010.5,200,000000002808
2026-02-24,75320,09:03:16.908450,01,1010.5,700,000000002813
2026-02-24,75320,09:03:17.126927,01,1011,300,000000002815
2026-02-24,75320,09:03:17.308863,01,1010.5,100,000000002818
2026-02-24,75320,09:03:18.340759,01,1010.5,200,000000002820
2026-02-24,75320,09:03:18.340759,01,1011,200,000000002823
2026-02-24,75320,09:03:19.586162,01,1010.5,300,000000002826
2026-02-24,75320,09:03:19.588807,01,1010.5,100,000000002828
2026-02-24,75320,09:03:19.589200,01,1010.5,100,000000002830
2026-02-24,75320,09:03:19.589200,01,1010,200,000000002832
2026-02-24,75320,09:03:19.608707,01,1010.5,100,000000002834
2026-02-24,75320,09:03:19.877663,01,1010,100,000000002836
2026-02-24,75320,09:03:21.764680,01,1010.5,300,000000002838
2026-02-24,75320,09:03:25.368115,01,1010,400,000000002840
2026-02-24,75320,09:03:28.275625,01,1010.5,100,000000002843
2026-02-24,75320,09:03:29.152367,01,1010.5,300,000000002845
2026-02-24,75320,09:03:30.305884,01,1010.5,300,000000002849
2026-02-24,75320,09:03:31.343490,01,1010,500,000000002855
2026-02-24,75320,09:03:31.353566,01,1010,100,000000002857
2026-02-24,75320,09:03:32.945402,01,1010,100,000000002859
2026-02-24,75320,09:03:33.631978,01,1010.5,400,000000002861
2026-02-24,75320,09:03:33.634973,01,1010,300,000000002864
2026-02-24,75320,09:03:33.636287,01,1010,100,000000002866
2026-02-24,75320,09:03:33.956400,01,1010,200,000000002868
2026-02-24,75320,09:03:34.279423,01,1010.5,300,000000002870
2026-02-24,75320,09:03:35.629161,01,1010.5,100,000000002872
2026-02-24,75320,09:03:39.626256,01,1010.5,400,000000002874
2026-02-24,75320,09:03:42.034434,01,1011,300,000000002878
2026-02-24,75320,09:03:42.219974,01,1010.5,200,000000002883
2026-02-24,75320,09:03:42.667528,01,1010.5,400,000000002887
2026-02-24,75320,09:03:42.668827,01,1010.5,500,000000002890
2026-02-24,75320,09:03:42.840173,01,1010.5,300,000000002893
2026-02-24,75320,09:03:43.153474,01,1010.5,200,000000002895
2026-02-24,75320,09:03:43.248151,01,1010.5,100,000000002897
2026-02-24,75320,09:03:43.261598,01,1010,200,000000002899
2026-02-24,75320,09:03:44.075719,01,1010.5,300,000000002901
2026-02-24,75320,09:03:44.075719,01,1011,100,000000002904
2026-02-24,75320,09:03:47.253593,01,1010.5,100,000000002906
2026-02-24,75320,09:03:47.254529,01,1010.5,300,000000002908
2026-02-24,75320,09:03:47.593159,01,1011,400,000000002911
2026-02-24,75320,09:03:48.264867,01,1010.5,100,000000002914
2026-02-24,75320,09:03:53.253356,01,1010.5,200,000000002917
2026-02-24,75320,09:03:54.995190,01,1010.5,400,000000002922
2026-02-24,75320,09:03:55.662826,01,1010.5,500,000000002926
2026-02-24,75320,09:03:56.004831,01,1010,100,000000002928
2026-02-24,75320,09:03:56.675636,01,1010.5,300,000000002930
2026-02-24,75320,09:03:56.676606,01,1010.5,200,000000002933
2026-02-24,75320,09:03:57.032263,01,1010.5,100,000000002935
2026-02-24,75320,09:03:58.041751,01,1010.5,400,000000002940
2026-02-24,75320,09:03:58.049305,01,1010.5,200,000000002942
2026-02-24,75320,09:03:59.304706,01,1010,500,000000002946
2026-02-24,75320,09:03:59.354088,01,1011,200,000000002948
2026-02-24,75320,09:04:01.601221,01,1010.5,300,000000002950
2026-02-24,75320,09:04:01.607382,01,1010,2300,000000002963
2026-02-24,75320,09:04:02.440848,01,1010,500,000000002965
2026-02-24,75320,09:04:02.520930,01,1010.5,600,000000002968
2026-02-24,75320,09:04:02.610107,01,1010.5,200,000000002972
2026-02-24,75320,09:04:02.621691,01,1010,400,000000002975
2026-02-24,75320,09:04:02.997881,01,1011,700,000000002977
2026-02-24,75320,09:04:03.622046,01,1010,200,000000002981
2026-02-24,75320,09:04:03.992175,01,1010,400,000000002986
2026-02-24,75320,09:04:07.865173,01,1010,100,000000002988
2026-02-24,75320,09:04:07.866534,01,1010,100,000000002990
2026-02-24,75320,09:04:08.875136,01,1010,100,000000002992
2026-02-24,75320,09:04:10.729374,01,1010.5,400,000000002994
2026-02-24,75320,09:04:12.770338,01,1010.5,100,000000002998
2026-02-24,75320,09:04:12.773589,01,1010,500,000000003000
2026-02-24,75320,09:04:12.791511,01,1010.5,100,000000003002
2026-02-24,75320,09:04:13.781588,01,1010,100,000000003004
2026-02-24,75320,09:04:14.324421,01,1010,1100,000000003011
2026-02-24,75320,09:04:14.807969,01,1010.5,400,000000003013
2026-02-24,75320,09:04:15.751074,01,1010,100,000000003017
2026-02-24,75320,09:04:22.571296,01,1010,700,000000003023
2026-02-24,75320,09:04:22.622554,01,1010.5,200,000000003025
2026-02-24,75320,09:04:23.582653,01,1009.5,300,000000003029
2026-02-24,75320,09:04:24.595490,01,1009.5,100,000000003031
2026-02-24,75320,09:04:25.295191,01,1009.5,800,000000003037
2026-02-24,75320,09:04:25.296937,01,1009.5,300,000000003040
2026-02-24,75320,09:04:25.297557,01,1009.5,300,000000003043
2026-02-24,75320,09:04:25.424185,01,1009.5,100,000000003045
2026-02-24,75320,09:04:25.865188,01,1010,300,000000003047
2026-02-24,75320,09:04:26.874865,01,1009.5,300,000000003050
2026-02-24,75320,09:04:31.190362,01,1009.5,200,000000003053
2026-02-24,75320,09:04:31.254640,01,1009,800,000000003058
2026-02-24,75320,09:04:31.706637,01,1010,200,000000003060
2026-02-24,75320,09:04:32.199398,01,1009.5,200,000000003062
2026-02-24,75320,09:04:33.688251,01,1010,500,000000003064
2026-02-24,75320,09:04:34.697484,01,1009.5,100,000000003068
2026-02-24,75320,09:04:37.184489,01,1009.5,600,000000003075
2026-02-24,75320,09:04:37.188719,01,1009.5,100,000000003077
2026-02-24,75320,09:04:37.192531,01,1009.5,100,000000003079
2026-02-24,75320,09:04:37.196576,01,1009.5,100,000000003081
2026-02-24,75320,09:04:37.560762,01,1009.5,200,000000003083
2026-02-24,75320,09:04:38.195775,01,1009,200,000000003085
2026-02-24,75320,09:04:43.442532,01,1009.5,600,000000003087
2026-02-24,75320,09:04:44.784711,01,1010,200,000000003092
2026-02-24,75320,09:04:46.137501,01,1010,500,000000003094
2026-02-24,75320,09:04:50.159477,01,1010,5600,000000003099
2026-02-24,75320,09:04:50.497449,01,1010,400,000000003112
2026-02-24,75320,09:04:50.873628,01,1010.5,100,000000003114
2026-02-24,75320,09:04:51.333635,01,1010.5,300,000000003116
2026-02-24,75320,09:04:51.501189,01,1010.5,1000,000000003119
2026-02-24,75320,09:04:53.746832,01,1010.5,200,000000003125
2026-02-24,75320,09:04:53.746832,01,1011,400,000000003128
2026-02-24,75320,09:04:55.669009,01,1011,200,000000003133
2026-02-24,75320,09:04:56.335955,01,1010.5,100,000000003135
2026-02-24,75320,09:05:00.106124,01,1010.5,1400,000000003137
2026-02-24,75320,09:05:00.112448,01,1011,2600,000000003142
2026-02-24,75320,09:05:00.124504,01,1011.5,1900,000000003151
2026-02-24,75320,09:05:00.131465,01,1012,5000,000000003161
2026-02-24,75320,09:05:00.148024,01,1012,100,000000003171
2026-02-24,75320,09:05:00.164692,01,1012.5,1000,000000003173
2026-02-24,75320,09:05:00.171024,01,1013,300,000000003181
2026-02-24,75320,09:05:00.176554,01,1012.5,100,000000003184
2026-02-24,75320,09:05:00.177893,01,1012.5,100,000000003186
2026-02-24,75320,09:05:00.186627,01,1012,100,000000003188
2026-02-24,75320,09:05:00.240200,01,1013,100,000000003190
2026-02-24,75320,09:05:00.258282,01,1013,800,000000003192
2026-02-24,75320,09:05:00.260269,01,1012.5,100,000000003198
2026-02-24,75320,09:05:00.412465,01,1013,100,000000003200
2026-02-24,75320,09:05:00.542512,01,1013,200,000000003202
2026-02-24,75320,09:05:00.542512,01,1013.5,600,000000003205
2026-02-24,75320,09:05:01.402626,01,1013.5,200,000000003210
2026-02-24,75320,09:05:01.814281,01,1013.5,100,000000003213
2026-02-24,75320,09:05:02.152423,01,1013.5,1100,000000003215
2026-02-24,75320,09:05:02.155652,01,1013,100,000000003221
2026-02-24,75320,09:05:02.171414,01,1012.5,1700,000000003233
2026-02-24,75320,09:05:02.182031,01,1012.5,100,000000003235
2026-02-24,75320,09:05:02.184852,01,1012.5,100,000000003237
2026-02-24,75320,09:05:02.190254,01,1012.5,200,000000003239
2026-02-24,75320,09:05:02.196933,01,1012.5,100,000000003241
2026-02-24,75320,09:05:02.418114,01,1012,700,000000003248
2026-02-24,75320,09:05:02.421616,01,1012,200,000000003250
2026-02-24,75320,09:05:02.593140,01,1012.5,500,000000003252
2026-02-24,75320,09:05:02.593140,01,1013,700,000000003257
2026-02-24,75320,09:05:03.326316,01,1012.5,100,000000003263
2026-02-24,75320,09:05:05.033003,01,1013,100,000000003265
2026-02-24,75320,09:05:05.441328,01,1013,100,000000003267
2026-02-24,75320,09:05:06.046078,01,1012.5,300,000000003271
2026-02-24,75320,09:05:06.335576,01,1013,100,000000003273
2026-02-24,75320,09:05:07.675752,01,1012.5,300,000000003277
2026-02-24,75320,09:05:11.280706,01,1012.5,400,000000003279
2026-02-24,75320,09:05:11.281848,01,1012.5,200,000000003283
2026-02-24,75320,09:05:11.284598,01,1012.5,100,000000003285
2026-02-24,75320,09:05:11.290413,01,1013,1800,000000003287
2026-02-24,75320,09:05:11.292460,01,1013,400,000000003293
2026-02-24,75320,09:05:11.344897,01,1013.5,100,000000003296
2026-02-24,75320,09:05:11.828045,01,1013.5,400,000000003298
2026-02-24,75320,09:05:11.908028,01,1013,200,000000003302
2026-02-24,75320,09:05:12.429245,01,1013.5,800,000000003304
2026-02-24,75320,09:05:12.452547,01,1013,700,000000003312
2026-02-24,75320,09:05:12.544886,01,1013.5,500,000000003314
2026-02-24,75320,09:05:12.678951,01,1014,200,000000003317
2026-02-24,75320,09:05:16.338875,01,1014,300,000000003319
2026-02-24,75320,09:05:16.339949,01,1014,200,000000003322
2026-02-24,75320,09:05:16.425898,01,1014,100,000000003325
2026-02-24,75320,09:05:16.425898,01,1014.5,100,000000003327
2026-02-24,75320,09:05:16.427006,01,1014.5,7000,000000003329
2026-02-24,75320,09:05:16.444826,01,1015,4200,000000003341
2026-02-24,75320,09:05:16.472225,01,1015,200,000000003352
2026-02-24,75320,09:05:16.477771,01,1015,100,000000003354
2026-02-24,75320,09:05:17.419945,01,1015,200,000000003357
2026-02-24,75320,09:05:17.426238,01,1014.5,400,000000003361
2026-02-24,75320,09:05:17.432566,01,1015,100,000000003363
2026-02-24,75320,09:05:17.730826,01,1015,400,000000003365
2026-02-24,75320,09:05:17.730826,01,1015.5,100,000000003368
2026-02-24,75320,09:05:19.711475,01,1014.5,700,000000003373
2026-02-24,75320,09:05:19.756661,01,1015,700,000000003375
2026-02-24,75320,09:05:19.757659,01,1015,100,000000003379
2026-02-24,75320,09:05:19.763519,01,1014.5,100,000000003381
2026-02-24,75320,09:05:19.766067,01,1014.5,100,000000003383
2026-02-24,75320,09:05:21.344130,01,1015,700,000000003385
2026-02-24,75320,09:05:21.345805,01,1015,300,000000003389
2026-02-24,75320,09:05:21.347030,01,1014.5,200,000000003391
2026-02-24,75320,09:05:21.411496,01,1014.5,1200,000000003393
2026-02-24,75320,09:05:21.754394,01,1015,200,000000003395
2026-02-24,75320,09:05:21.757107,01,1014.5,100,000000003397
2026-02-24,75320,09:05:22.011674,01,1015,100,000000003399
2026-02-24,75320,09:05:26.341434,01,1015,100,000000003401
2026-02-24,75320,09:05:26.342402,01,1015,400,000000003403
2026-02-24,75320,09:05:26.350953,01,1014.5,200,000000003408
2026-02-24,75320,09:05:26.381304,01,1014.5,100,000000003410
2026-02-24,75320,09:05:30.027652,01,1015,100,000000003412
2026-02-24,75320,09:05:32.036897,01,1015,400,000000003414
2026-02-24,75320,09:05:32.037942,01,1015,500,000000003417
2026-02-24,75320,09:05:32.358489,01,1015,100,000000003420
2026-02-24,75320,09:05:32.358489,01,1015.5,100,000000003422
2026-02-24,75320,09:05:34.473844,01,1014.5,900,000000003429
2026-02-24,75320,09:05:35.481506,01,1014.5,200,000000003431
2026-02-24,75320,09:05:36.342584,01,1015,100,000000003433
2026-02-24,75320,09:05:38.549606,01,1014.5,300,000000003435
2026-02-24,75320,09:05:38.549606,01,1015,1400,000000003439
2026-02-24,75320,09:05:38.560386,01,1014.5,200,000000003443
2026-02-24,75320,09:05:38.564029,01,1014.5,100,000000003445
2026-02-24,75320,09:05:38.573275,01,1015,100,000000003447
2026-02-24,75320,09:05:38.573800,01,1014.5,100,000000003449
2026-02-24,75320,09:05:38.628372,01,1015,300,000000003451
2026-02-24,75320,09:05:38.920574,01,1015,200,000000003453
2026-02-24,75320,09:05:38.921854,01,1015,400,000000003455
2026-02-24,75320,09:05:38.951458,01,1015,300,000000003458
2026-02-24,75320,09:05:38.952177,01,1015.5,4900,000000003460
2026-02-24,75320,09:05:38.954290,01,1015.5,300,000000003468
2026-02-24,75320,09:05:38.954718,01,1015.5,500,000000003470
2026-02-24,75320,09:05:38.964243,01,1015,400,000000003474
2026-02-24,75320,09:05:39.023052,01,1015,400,000000003479
2026-02-24,75320,09:05:39.878271,01,1015.5,200,000000003481
2026-02-24,75320,09:05:39.878271,01,1016,400,000000003484
2026-02-24,75320,09:05:40.248014,01,1016,2800,000000003488
2026-02-24,75320,09:05:40.257272,01,1016,400,000000003500
2026-02-24,75320,09:05:40.257272,01,1015.5,300,000000003502
2026-02-24,75320,09:05:40.262654,01,1016.5,1900,000000003504
2026-02-24,75320,09:05:40.269167,01,1016.5,1300,000000003511
2026-02-24,75320,09:05:40.280423,01,1016,200,000000003516
2026-02-24,75320,09:05:40.290222,01,1016.5,300,000000003518
2026-02-24,75320,09:05:40.290649,01,1016,200,000000003520
2026-02-24,75320,09:05:40.291553,01,1016.5,100,000000003522
2026-02-24,75320,09:05:40.574570,01,1017,900,000000003524
2026-02-24,75320,09:05:40.579582,01,1016,200,000000003530
2026-02-24,75320,09:05:40.912937,01,1017,100,000000003532
2026-02-24,75320,09:05:42.061315,01,1017,200,000000003534
2026-02-24,75320,09:05:48.346168,01,1016.5,100,000000003536
2026-02-24,75320,09:05:51.252642,01,1016,1000,000000003545
2026-02-24,75320,09:05:51.254480,01,1016,1600,000000003554
2026-02-24,75320,09:05:51.572302,01,1016.5,100,000000003556
2026-02-24,75320,09:05:51.573170,01,1016.5,700,000000003558
2026-02-24,75320,09:05:53.973649,01,1016.5,100,000000003563
2026-02-24,75320,09:05:54.003456,01,1016.5,100,000000003565
2026-02-24,75320,09:05:54.957129,01,1016,400,000000003569
2026-02-24,75320,09:05:55.008798,01,1015.5,3000,000000003580
2026-02-24,75320,09:05:55.109144,01,1015.5,200,000000003582
2026-02-24,75320,09:05:55.591945,01,1015,200,000000003584
2026-02-24,75320,09:05:55.970181,01,1015.5,500,000000003586
2026-02-24,75320,09:05:55.970181,01,1016,700,000000003590
2026-02-24,75320,09:05:56.000085,01,1015.5,200,000000003594
2026-02-24,75320,09:05:58.151134,01,1016,200,000000003596
2026-02-24,75320,09:05:58.152045,01,1016,300,000000003598
2026-02-24,75320,09:05:58.189887,01,1016,200,000000003601
2026-02-24,75320,09:05:59.919672,01,1016.5,200,000000003603
2026-02-24,75320,09:06:02.856230,01,1016.5,300,000000003605
2026-02-24,75320,09:06:02.857365,01,1016.5,2400,000000003608
2026-02-24,75320,09:06:02.863497,01,1016,500,000000003617
2026-02-24,75320,09:06:02.868296,01,1016,300,000000003620
2026-02-24,75320,09:06:02.915735,01,1016,300,000000003624
2026-02-24,75320,09:06:04.864704,01,1016,100,000000003626
2026-02-24,75320,09:06:05.963261,01,1016,200,000000003628
2026-02-24,75320,09:06:06.634542,01,1016.5,200,000000003630
2026-02-24,75320,09:06:06.634542,01,1017,800,000000003633
2026-02-24,75320,09:06:06.667511,01,1016,400,000000003640
2026-02-24,75320,09:06:10.815962,01,1016,200,000000003642
2026-02-24,75320,09:06:11.379298,01,1016.5,100,000000003644
2026-02-24,75320,09:06:11.672212,01,1016,700,000000003649
2026-02-24,75320,09:06:11.674571,01,1016.5,100,000000003651
2026-02-24,75320,09:06:12.661352,01,1016,200,000000003654
2026-02-24,75320,09:06:12.664894,01,1016,100,000000003656
2026-02-24,75320,09:06:12.665338,01,1016,200,000000003658
2026-02-24,75320,09:06:12.674568,01,1016,100,000000003660
2026-02-24,75320,09:06:15.049198,01,1016,100,000000003662
2026-02-24,75320,09:06:15.056190,01,1015.5,4100,000000003676
2026-02-24,75320,09:06:15.058195,01,1015.5,200,000000003678
2026-02-24,75320,09:06:15.110037,01,1016,100,000000003680
2026-02-24,75320,09:06:15.111266,01,1016,600,000000003682
2026-02-24,75320,09:06:15.115868,01,1015.5,200,000000003687
2026-02-24,75320,09:06:15.115868,01,1015,100,000000003689
2026-02-24,75320,09:06:15.117468,01,1016.5,600,000000003691
2026-02-24,75320,09:06:15.648943,01,1016,100,000000003696
2026-02-24,75320,09:06:15.652009,01,1015.5,500,000000003700
2026-02-24,75320,09:06:16.345681,01,1016,100,000000003702
2026-02-24,75320,09:06:16.829073,01,1016,300,000000003704
2026-02-24,75320,09:06:16.829073,01,1016.5,200,000000003708
2026-02-24,75320,09:06:16.833716,01,1016.5,5600,000000003711
2026-02-24,75320,09:06:16.835216,01,1015.5,200,000000003718
2026-02-24,75320,09:06:16.845929,01,1016,700,000000003721
2026-02-24,75320,09:06:16.850551,01,1016.5,400,000000003724
2026-02-24,75320,09:06:17.085977,01,1016,400,000000003727
2026-02-24,75320,09:06:17.094025,01,1016,200,000000003729
2026-02-24,75320,09:06:17.098483,01,1015.5,1200,000000003734
2026-02-24,75320,09:06:17.126716,01,1016,200,000000003736
2026-02-24,75320,09:06:17.126716,01,1016.5,400,000000003739
2026-02-24,75320,09:06:17.602329,01,1016,100,000000003742
2026-02-24,75320,09:06:19.403619,01,1016,1100,000000003748
2026-02-24,75320,09:06:21.347576,01,1016.5,100,000000003750
2026-02-24,75320,09:06:22.108145,01,1016,300,000000003753
2026-02-24,75320,09:06:22.355576,01,1015.5,1100,000000003758
2026-02-24,75320,09:06:22.356699,01,1015.5,100,000000003760
2026-02-24,75320,09:06:22.357564,01,1015.5,500,000000003765
2026-02-24,75320,09:06:22.644349,01,1016,200,000000003767
2026-02-24,75320,09:06:22.645331,01,1016,500,000000003770
2026-02-24,75320,09:06:22.649517,01,1015.5,100,000000003774
2026-02-24,75320,09:06:23.740012,01,1016,100,000000003776
2026-02-24,75320,09:06:24.077517,01,1016,200,000000003778
2026-02-24,75320,09:06:24.077517,01,1016.5,700,000000003781
2026-02-24,75320,09:06:24.082307,01,1015.5,100,000000003788
2026-02-24,75320,09:06:24.601636,01,1016,100,000000003790
2026-02-24,75320,09:06:24.602921,01,1015.5,100,000000003792
2026-02-24,75320,09:06:26.359981,01,1016.5,300,000000003794
2026-02-24,75320,09:06:26.366803,01,1016,400,000000003799
2026-02-24,75320,09:06:31.120424,01,1016,300,000000003801
2026-02-24,75320,09:06:31.120424,01,1016.5,300,000000003805
2026-02-24,75320,09:06:32.407178,01,1016,300,000000003808
2026-02-24,75320,09:06:33.669760,01,1016,300,000000003812
2026-02-24,75320,09:06:33.674637,01,1016,100,000000003815
2026-02-24,75320,09:06:33.690791,01,1016,100,000000003817
2026-02-24,75320,09:06:34.127771,01,1016.5,100,000000003819
2026-02-24,75320,09:06:35.679359,01,1016,100,000000003821
2026-02-24,75320,09:06:35.725887,01,1016,100,000000003823
2026-02-24,75320,09:06:36.256857,01,1016,100,000000003825
2026-02-24,75320,09:06:39.826033,01,1016.5,400,000000003827
2026-02-24,75320,09:06:39.918725,01,1016.5,1900,000000003830
2026-02-24,75320,09:06:40.113438,01,1016.5,200,000000003837
2026-02-24,75320,09:06:40.144855,01,1016.5,100,000000003839
2026-02-24,75320,09:06:42.890432,01,1017,1700,000000003841
2026-02-24,75320,09:06:43.104951,01,1017.5,3100,000000003851
2026-02-24,75320,09:06:43.106848,01,1017.5,300,000000003865
2026-02-24,75320,09:06:43.115405,01,1018,5700,000000003868
2026-02-24,75320,09:06:43.120406,01,1018,100,000000003884
2026-02-24,75320,09:06:43.137327,01,1018,100,000000003886
2026-02-24,75320,09:06:43.151113,01,1018,100,000000003888
2026-02-24,75320,09:06:43.180606,01,1018.5,600,000000003890
2026-02-24,75320,09:06:43.189135,01,1019,1000,000000003896
2026-02-24,75320,09:06:43.192529,01,1019,6300,000000003902
2026-02-24,75320,09:06:43.892222,01,1019.5,1800,000000003919
2026-02-24,75320,09:06:43.899485,01,1019,2800,000000003938
2026-02-24,75320,09:06:44.119553,01,1019.5,100,000000003940
2026-02-24,75320,09:06:44.120444,01,1019.5,800,000000003942
2026-02-24,75320,09:06:44.649879,01,1019.5,300,000000003945
2026-02-24,75320,09:06:44.651941,01,1019.5,100,000000003947
2026-02-24,75320,09:06:44.819971,01,1020,100,000000003949
2026-02-24,75320,09:06:44.821400,01,1020,66700,000000003951
2026-02-24,75320,09:06:44.903491,01,1020,600,000000004033
2026-02-24,75320,09:06:44.915766,01,1019.5,4800,000000004046
2026-02-24,75320,09:06:44.943188,01,1020,100,000000004048
2026-02-24,75320,09:06:45.160541,01,1020,100,000000004050
2026-02-24,75320,09:06:45.202216,01,1020,100,000000004052
2026-02-24,75320,09:06:45.203059,01,1020,100,000000004054
2026-02-24,75320,09:06:45.251499,01,1020.5,2200,000000004056
2026-02-24,75320,09:06:45.251499,01,1021,3500,000000004061
2026-02-24,75320,09:06:45.896742,01,1020.5,100,000000004072
2026-02-24,75320,09:06:45.914483,01,1020,1600,000000004080
2026-02-24,75320,09:06:46.666790,01,1020.5,300,000000004082
2026-02-24,75320,09:06:46.716732,01,1020,900,000000004087
2026-02-24,75320,09:06:46.924075,01,1019.5,2800,000000004095
2026-02-24,75320,09:06:47.024343,01,1020,100,000000004097
2026-02-24,75320,09:06:47.148532,01,1020,100,000000004099
2026-02-24,75320,09:06:47.409784,01,1020,100,000000004101
2026-02-24,75320,09:06:47.607040,01,1019.5,100,000000004103
2026-02-24,75320,09:06:48.709348,01,1020,1600,000000004105
2026-02-24,75320,09:06:48.709348,01,1020.5,1500,000000004108
2026-02-24,75320,09:06:48.709348,01,1021,3300,000000004114
2026-02-24,75320,09:06:49.146195,01,1020.5,100,000000004120
2026-02-24,75320,09:06:49.146195,01,1021,500,000000004122
2026-02-24,75320,09:06:49.490484,01,1021,100,000000004125
2026-02-24,75320,09:06:51.788187,01,1021,100,000000004127
2026-02-24,75320,09:06:51.794284,01,1021,100,000000004129
2026-02-24,75320,09:06:51.815938,01,1021,100,000000004131
2026-02-24,75320,09:06:52.954349,01,1021.5,100,000000004133
2026-02-24,75320,09:06:54.460184,01,1021,100,000000004135
2026-02-24,75320,09:06:54.839560,01,1020.5,1200,000000004144
2026-02-24,75320,09:06:54.932237,01,1020.5,200,000000004146
2026-02-24,75320,09:06:55.085590,01,1020.5,200,000000004148
2026-02-24,75320,09:06:56.290391,01,1020.5,300,000000004152
2026-02-24,75320,09:06:56.957576,01,1021,100,000000004154
2026-02-24,75320,09:06:57.305431,01,1020.5,300,000000004158
2026-02-24,75320,09:06:58.363147,01,1020,100,000000004160
2026-02-24,75320,09:06:58.365809,01,1020,1200,000000004167
2026-02-24,75320,09:06:58.642882,01,1020.5,200,000000004169
2026-02-24,75320,09:06:58.965982,01,1020.5,100,000000004172
2026-02-24,75320,09:06:59.762240,01,1020.5,500,000000004174
2026-02-24,75320,09:06:59.764781,01,1020.5,100,000000004178
2026-02-24,75320,09:06:59.844801,01,1021,100,000000004180
2026-02-24,75320,09:07:00.074442,01,1020.5,100,000000004182
2026-02-24,75320,09:07:00.668026,01,1021,1300,000000004184
2026-02-24,75320,09:07:00.670578,01,1021,2100,000000004188
2026-02-24,75320,09:07:00.688655,01,1021,200,000000004192
2026-02-24,75320,09:07:01.153675,01,1021.5,600,000000004194
2026-02-24,75320,09:07:01.215397,01,1021.5,200,000000004198
2026-02-24,75320,09:07:03.098056,01,1021.5,100,000000004200
2026-02-24,75320,09:07:03.946251,01,1021.5,100,000000004202
2026-02-24,75320,09:07:03.946825,01,1021.5,500,000000004204
2026-02-24,75320,09:07:03.947435,01,1021.5,1100,000000004206
2026-02-24,75320,09:07:04.607995,01,1021.5,600,000000004218
2026-02-24,75320,09:07:06.351455,01,1022,200,000000004220
2026-02-24,75320,09:07:06.410369,01,1022,100,000000004223
2026-02-24,75320,09:07:07.903386,01,1021.5,800,000000004229
2026-02-24,75320,09:07:11.364770,01,1022,100,000000004231
2026-02-24,75320,09:07:11.438278,01,1022,100,000000004233
2026-02-24,75320,09:07:12.151148,01,1022,600,000000004235
2026-02-24,75320,09:07:13.062574,01,1022,100,000000004242
2026-02-24,75320,09:07:16.133289,01,1021,2200,000000004250
2026-02-24,75320,09:07:16.134620,01,1021,900,000000004255
2026-02-24,75320,09:07:16.166497,01,1021.5,100,000000004257
2026-02-24,75320,09:07:18.261893,01,1021.5,100,000000004259
2026-02-24,75320,09:07:19.276454,01,1021.5,200,000000004261
2026-02-24,75320,09:07:20.221994,01,1021,1100,000000004268
2026-02-24,75320,09:07:20.223601,01,1021,400,000000004271
2026-02-24,75320,09:07:20.381366,01,1021,100,000000004273
2026-02-24,75320,09:07:21.940648,01,1020.5,1900,000000004282
2026-02-24,75320,09:07:22.000689,01,1021.5,1000,000000004284
2026-02-24,75320,09:07:22.064784,01,1021,100,000000004286
2026-02-24,75320,09:07:22.241160,01,1021.5,100,000000004288
2026-02-24,75320,09:07:24.845255,01,1021.5,1100,000000004290
2026-02-24,75320,09:07:25.070696,01,1021.5,700,000000004298
2026-02-24,75320,09:07:25.178664,01,1022,100,000000004300
2026-02-24,75320,09:07:25.857148,01,1021.5,300,000000004303
2026-02-24,75320,09:07:26.366155,01,1022,100,000000004305
2026-02-24,75320,09:07:26.870355,01,1021.5,100,000000004307
2026-02-24,75320,09:07:28.740059,01,1021,100,000000004309
2026-02-24,75320,09:07:33.339440,01,1021.5,200,000000004311
2026-02-24,75320,09:07:33.339907,01,1021.5,100,000000004313
2026-02-24,75320,09:07:33.346151,01,1021.5,100,000000004315
2026-02-24,75320,09:07:33.425251,01,1021.5,100,000000004317
2026-02-24,75320,09:07:33.464388,01,1021,200,000000004320
2026-02-24,75320,09:07:34.156065,01,1021.5,100,000000004322
2026-02-24,75320,09:07:35.729371,01,1021,3000,000000004332
2026-02-24,75320,09:07:35.730821,01,1021,200,000000004335
2026-02-24,75320,09:07:35.942472,01,1021,100,000000004337
2026-02-24,75320,09:07:35.945929,01,1021,100,000000004339
2026-02-24,75320,09:07:35.949711,01,1021,100,000000004341
2026-02-24,75320,09:07:36.355045,01,1021,100,000000004343
2026-02-24,75320,09:07:36.359054,01,1021,100,000000004345
2026-02-24,75320,09:07:37.351084,01,1020.5,11300,000000004356
2026-02-24,75320,09:07:37.366000,01,1020.5,3100,000000004358
2026-02-24,75320,09:07:37.370758,01,1020.5,1700,000000004360
2026-02-24,75320,09:07:37.371691,01,1020.5,100,000000004362
2026-02-24,75320,09:07:37.376327,01,1020.5,300,000000004364
2026-02-24,75320,09:07:37.376327,01,1020,1400,000000004368
2026-02-24,75320,09:07:37.396162,01,1020.5,100,000000004370
2026-02-24,75320,09:07:37.397702,01,1021,1100,000000004372
2026-02-24,75320,09:07:37.402401,01,1020.5,100,000000004377
2026-02-24,75320,09:07:37.820394,01,1021,100,000000004379
2026-02-24,75320,09:07:38.208518,01,1021,2000,000000004381
2026-02-24,75320,09:07:38.211468,01,1020.5,200,000000004383
2026-02-24,75320,09:07:38.255770,01,1021,200,000000004385
2026-02-24,75320,09:07:38.359817,01,1021,300,000000004388
2026-02-24,75320,09:07:38.363744,01,1020.5,700,000000004393
2026-02-24,75320,09:07:38.492682,01,1020.5,200,000000004395
2026-02-24,75320,09:07:38.492682,01,1020,2800,000000004400
2026-02-24,75320,09:07:38.517895,01,1020.5,100,000000004402
2026-02-24,75320,09:07:38.930667,01,1021,100,000000004404
2026-02-24,75320,09:07:38.934550,01,1020.5,100,000000004406
2026-02-24,75320,09:07:38.936176,01,1020.5,400,000000004410
2026-02-24,75320,09:07:39.129764,01,1021,500,000000004412
2026-02-24,75320,09:07:39.368642,01,1021,300,000000004416
2026-02-24,75320,09:07:39.430299,01,1021,300,000000004418
2026-02-24,75320,09:07:39.529980,01,1021,100,000000004420
2026-02-24,75320,09:07:40.376177,01,1020.5,1000,000000004425
2026-02-24,75320,09:07:42.624619,01,1020.5,100,000000004427
2026-02-24,75320,09:07:43.634030,01,1020.5,400,000000004430
2026-02-24,75320,09:07:46.965818,01,1021,100,000000004432
2026-02-24,75320,09:07:46.988914,01,1020.5,100,000000004434
2026-02-24,75320,09:07:46.993754,01,1020,100,000000004436
2026-02-24,75320,09:07:47.979817,01,1020.5,200,000000004439
2026-02-24,75320,09:07:50.234909,01,1020.5,300,000000004442
2026-02-24,75320,09:07:51.287114,01,1020.5,500,000000004446
2026-02-24,75320,09:07:51.287114,01,1020,1000,000000004451
2026-02-24,75320,09:07:51.289325,01,1020,200,000000004454
2026-02-24,75320,09:07:52.059475,01,1021,200,000000004456
2026-02-24,75320,09:07:54.391455,01,1020,1600,000000004462
2026-02-24,75320,09:07:54.397371,01,1019.5,300,000000004464
2026-02-24,75320,09:07:54.399386,01,1020.5,100,000000004466
2026-02-24,75320,09:07:54.441185,01,1020.5,500,000000004468
2026-02-24,75320,09:07:54.482911,01,1020,800,000000004475
2026-02-24,75320,09:07:54.484613,01,1020,200,000000004477
2026-02-24,75320,09:07:55.300715,01,1020.5,200,000000004480
2026-02-24,75320,09:07:55.404109,01,1020.5,200,000000004483
2026-02-24,75320,09:07:58.145211,01,1020,300,000000004486
2026-02-24,75320,09:07:58.146556,01,1020,400,000000004491
2026-02-24,75320,09:07:58.774400,01,1020.5,900,000000004493
2026-02-24,75320,09:07:58.774400,01,1021,1600,000000004498
2026-02-24,75320,09:08:00.250277,01,1020.5,1000,000000004506
2026-02-24,75320,09:08:00.250277,01,1021,600,000000004510
2026-02-24,75320,09:08:00.258802,01,1020,1100,000000004518
2026-02-24,75320,09:08:01.321067,01,1020.5,100,000000004520
2026-02-24,75320,09:08:01.331962,01,1020,1100,000000004524
2026-02-24,75320,09:08:01.378352,01,1021,600,000000004526
2026-02-24,75320,09:08:02.937821,01,1021,400,000000004529
2026-02-24,75320,09:08:03.945176,01,1021,1000,000000004537
2026-02-24,75320,09:08:04.686116,01,1020.5,100,000000004539
2026-02-24,75320,09:08:05.109391,01,1021,200,000000004541
2026-02-24,75320,09:08:06.117917,01,1020.5,800,000000004546
2026-02-24,75320,09:08:06.541145,01,1021,1600,000000004548
2026-02-24,75320,09:08:09.177464,01,1020.5,1400,000000004560
2026-02-24,75320,09:08:09.191322,01,1020,3000,000000004573
2026-02-24,75320,09:08:10.186123,01,1020.5,900,000000004575
2026-02-24,75320,09:08:10.195067,01,1020,400,000000004581
2026-02-24,75320,09:08:11.185447,01,1020,500,000000004586
2026-02-24,75320,09:08:15.042207,01,1020,200,000000004588
2026-02-24,75320,09:08:15.685245,01,1020.5,4400,000000004590
2026-02-24,75320,09:08:15.934051,01,1021,1400,000000004599
2026-02-24,75320,09:08:18.254700,01,1021,400,000000004604
2026-02-24,75320,09:08:18.257854,01,1021.5,1300,000000004606
2026-02-24,75320,09:08:18.259002,01,1021.5,5400,000000004613
2026-02-24,75320,09:08:18.268603,01,1022,13200,000000004623
2026-02-24,75320,09:08:18.797923,01,1022,2300,000000004648
2026-02-24,75320,09:08:18.805270,01,1022,100,000000004650
2026-02-24,75320,09:08:19.272028,01,1021.5,2300,000000004659
2026-02-24,75320,09:08:20.052365,01,1021,100,000000004661
2026-02-24,75320,09:08:20.204211,01,1021,1000,000000004667
2026-02-24,75320,09:08:20.271139,01,1021,100,000000004669
2026-02-24,75320,09:08:20.271139,01,1021.5,100,000000004671
2026-02-24,75320,09:08:20.472118,01,1021.5,100,000000004673
2026-02-24,75320,09:08:21.937348,01,1020.5,1700,000000004679
2026-02-24,75320,09:08:22.056707,01,1021.5,200,000000004681
2026-02-24,75320,09:08:22.268268,01,1021,100,000000004684
2026-02-24,75320,09:08:24.130649,01,1020.5,1900,000000004691
2026-02-24,75320,09:08:24.139806,01,1020.5,100,000000004693
2026-02-24,75320,09:08:24.141656,01,1020.5,100,000000004695
2026-02-24,75320,09:08:24.630751,01,1021,100,000000004697
2026-02-24,75320,09:08:25.371046,01,1020.5,200,000000004700
2026-02-24,75320,09:08:25.631442,01,1021,1300,000000004702
2026-02-24,75320,09:08:25.631442,01,1021.5,700,000000004707
2026-02-24,75320,09:08:26.475069,01,1021,200,000000004711
2026-02-24,75320,09:08:28.189419,01,1020.5,1400,000000004717
2026-02-24,75320,09:08:28.293442,01,1020,10000,000000004731
2026-02-24,75320,09:08:28.303271,01,1020,100,000000004733
2026-02-24,75320,09:08:29.761945,01,1020.5,100,000000004735
2026-02-24,75320,09:08:29.786599,01,1020.5,1000,000000004737
2026-02-24,75320,09:08:29.786599,01,1021,200,000000004742
2026-02-24,75320,09:08:30.643791,01,1020.5,200,000000004745
2026-02-24,75320,09:08:30.774801,01,1020,1200,000000004750
2026-02-24,75320,09:08:31.650193,01,1020.5,300,000000004752
2026-02-24,75320,09:08:31.787041,01,1020,300,000000004757
2026-02-24,75320,09:08:33.581074,01,1020,300,000000004759
2026-02-24,75320,09:08:33.583731,01,1020,100,000000004761
2026-02-24,75320,09:08:33.597335,01,1020.5,1400,000000004763
2026-02-24,75320,09:08:33.597335,01,1021,1800,000000004769
2026-02-24,75320,09:08:33.597335,01,1021.5,7200,000000004774
2026-02-24,75320,09:08:35.548674,01,1020.5,200,000000004783
2026-02-24,75320,09:08:36.508731,01,1020.5,1400,000000004793
2026-02-24,75320,09:08:36.508731,01,1020,3600,000000004802
2026-02-24,75320,09:08:36.531065,01,1020.5,100,000000004804
2026-02-24,75320,09:08:36.738854,01,1021,400,000000004806
2026-02-24,75320,09:08:41.519012,01,1020.5,800,000000004813
2026-02-24,75320,09:08:41.521596,01,1020.5,800,000000004818
2026-02-24,75320,09:08:41.884380,01,1020,500,000000004822
2026-02-24,75320,09:08:44.060550,01,1020.5,200,000000004824
2026-02-24,75320,09:08:44.063831,01,1020.5,100,000000004827
2026-02-24,75320,09:08:46.364341,01,1020.5,200,000000004829
2026-02-24,75320,09:08:46.364341,01,1021,100,000000004832
2026-02-24,75320,09:08:46.969550,01,1020.5,200,000000004834
2026-02-24,75320,09:08:46.972913,01,1020.5,200,000000004836
2026-02-24,75320,09:08:53.274826,01,1020.5,100,000000004838
2026-02-24,75320,09:08:54.282419,01,1020,1500,000000004846
2026-02-24,75320,09:09:00.280809,01,1020,400,000000004851
2026-02-24,75320,09:09:03.057910,01,1020,300,000000004854
2026-02-24,75320,09:09:03.422769,01,1020,200,000000004856
2026-02-24,75320,09:09:03.783882,01,1019.5,100,000000004858
2026-02-24,75320,09:09:05.108786,01,1020,600,000000004860
2026-02-24,75320,09:09:05.108786,01,1020.5,2600,000000004865
2026-02-24,75320,09:09:05.108786,01,1021,8700,000000004876
2026-02-24,75320,09:09:05.276140,01,1021.5,1400,000000004889
2026-02-24,75320,09:09:06.142671,01,1021,100,000000004895
2026-02-24,75320,09:09:06.177895,01,1020.5,1100,000000004903
2026-02-24,75320,09:09:06.177895,01,1020,100,000000004905
2026-02-24,75320,09:09:06.367445,01,1021,100,000000004907
2026-02-24,75320,09:09:07.378760,01,1021,200,000000004909
2026-02-24,75320,09:09:07.484102,01,1020.5,100,000000004911
2026-02-24,75320,09:09:07.515538,01,1020.5,100,000000004913
2026-02-24,75320,09:09:07.720778,01,1020.5,100,000000004915
2026-02-24,75320,09:09:11.368661,01,1021,100,000000004917
2026-02-24,75320,09:09:12.397230,01,1021.5,200,000000004919
2026-02-24,75320,09:09:15.546523,01,1021,100,000000004921
2026-02-24,75320,09:09:23.025728,01,1020.5,1400,000000004933
2026-02-24,75320,09:09:23.031828,01,1021,100,000000004935
2026-02-24,75320,09:09:23.271353,01,1020.5,200,000000004938
2026-02-24,75320,09:09:23.308013,01,1021,200,000000004940
2026-02-24,75320,09:09:24.039709,01,1020.5,300,000000004943
2026-02-24,75320,09:09:26.370510,01,1021,100,000000004945
2026-02-24,75320,09:09:27.910516,01,1020,100,000000004947
2026-02-24,75320,09:09:32.467847,01,1021,4100,000000004949
2026-02-24,75320,09:09:32.474737,01,1021,600,000000004960
2026-02-24,75320,09:09:32.792203,01,1021.5,500,000000004962
2026-02-24,75320,09:09:32.794224,01,1021,100,000000004966
2026-02-24,75320,09:09:34.774671,01,1020.5,1100,000000004972
2026-02-24,75320,09:09:35.986405,01,1020,600,000000004976
2026-02-24,75320,09:09:40.296615,01,1020,800,000000004981
2026-02-24,75320,09:09:40.298873,01,1020,1100,000000004990
2026-02-24,75320,09:09:40.353997,01,1020,400,000000004992
2026-02-24,75320,09:09:40.358946,01,1020,100,000000004996
2026-02-24,75320,09:09:40.741136,01,1019.5,100,000000004998
2026-02-24,75320,09:09:40.798852,01,1020.5,200,000000005000
2026-02-24,75320,09:09:42.338065,01,1020,400,000000005003
2026-02-24,75320,09:09:42.338065,01,1020.5,4700,000000005008
2026-02-24,75320,09:09:42.343252,01,1019.5,300,000000005013
2026-02-24,75320,09:09:42.533933,01,1020,300,000000005015
2026-02-24,75320,09:09:42.535125,01,1020,100,000000005017
2026-02-24,75320,09:09:42.803319,01,1020.5,300,000000005019
2026-02-24,75320,09:09:44.552126,01,1020.5,400,000000005021
2026-02-24,75320,09:09:44.557952,01,1020.5,100,000000005025
2026-02-24,75320,09:09:45.615940,01,1020,300,000000005029
2026-02-24,75320,09:09:46.376043,01,1020.5,100,000000005031
2026-02-24,75320,09:09:47.654112,01,1020,300,000000005035
2026-02-24,75320,09:09:50.399321,01,1019.5,800,000000005037
2026-02-24,75320,09:09:50.445697,01,1020,600,000000005039
2026-02-24,75320,09:09:50.445697,01,1020.5,100,000000005044
2026-02-24,75320,09:09:51.846749,01,1019.5,100,000000005046
2026-02-24,75320,09:09:51.847302,01,1019.5,100,000000005048
2026-02-24,75320,09:09:54.902536,01,1019.5,800,000000005051
2026-02-24,75320,09:09:54.904802,01,1019.5,1900,000000005061
2026-02-24,75320,09:09:55.177806,01,1019.5,500,000000005063
2026-02-24,75320,09:09:58.883497,01,1019,5900,000000005078
2026-02-24,75320,09:09:58.947882,01,1019,1000,000000005080
2026-02-24,75320,09:09:58.948943,01,1019,100,000000005086
2026-02-24,75320,09:09:58.952472,01,1019,100,000000005088
2026-02-24,75320,09:09:58.952472,01,1018.5,700,000000005091
2026-02-24,75320,09:09:58.957408,01,1018.5,400,000000005093
2026-02-24,75320,09:09:59.278283,01,1019,100,000000005095
2026-02-24,75320,09:09:59.666505,01,1019,100,000000005097
2026-02-24,75320,09:09:59.666505,01,1018.5,100,000000005099
2026-02-24,75320,09:09:59.681073,01,1018.5,100,000000005101
2026-02-24,75320,09:09:59.754699,01,1019,100,000000005103
2026-02-24,75320,09:09:59.821839,01,1019,100,000000005105
2026-02-24,75320,09:09:59.898987,01,1018.5,7800,000000005120
2026-02-24,75320,09:09:59.917164,01,1018.5,100,000000005122
2026-02-24,75320,09:09:59.920414,01,1018,400,000000005125
2026-02-24,75320,09:09:59.925033,01,1018,100,000000005127
2026-02-24,75320,09:09:59.952047,01,1018,100,000000005129
2026-02-24,75320,09:10:00.020315,01,1018,100,000000005131
2026-02-24,75320,09:10:00.687800,01,1019,900,000000005133
2026-02-24,75320,09:10:00.909529,01,1018.5,400,000000005140
2026-02-24,75320,09:10:01.698454,01,1018,100,000000005142
2026-02-24,75320,09:10:02.937574,01,1019,1800,000000005144
2026-02-24,75320,09:10:02.946056,01,1019,200,000000005148
2026-02-24,75320,09:10:05.716175,01,1019.5,2600,000000005150
2026-02-24,75320,09:10:05.716175,01,1020,5500,000000005156
2026-02-24,75320,09:10:05.716175,01,1020.5,1100,000000005169
2026-02-24,75320,09:10:05.885965,01,1019.5,100,000000005175
2026-02-24,75320,09:10:06.726477,01,1019.5,600,000000005180
2026-02-24,75320,09:10:07.243937,01,1020,1100,000000005182
2026-02-24,75320,09:10:13.786704,01,1020,2700,000000005188
2026-02-24,75320,09:10:14.795451,01,1020,1700,000000005200
2026-02-24,75320,09:10:16.846618,01,1020,300,000000005202
2026-02-24,75320,09:10:16.846618,01,1020.5,400,000000005205
2026-02-24,75320,09:10:19.580768,01,1020,100,000000005207
2026-02-24,75320,09:10:19.618798,01,1020,100,000000005209
2026-02-24,75320,09:10:19.626611,01,1020,200,000000005211
2026-02-24,75320,09:10:21.254285,01,1019.5,100,000000005214
2026-02-24,75320,09:10:21.429460,01,1019.5,1400,000000005223
2026-02-24,75320,09:10:22.050340,01,1019.5,200,000000005225
2026-02-24,75320,09:10:22.050340,01,1020,100,000000005228
2026-02-24,75320,09:10:28.061997,01,1019,1500,000000005237
2026-02-24,75320,09:10:37.874259,01,1018.5,1000,000000005244
2026-02-24,75320,09:10:37.887827,01,1018.5,100,000000005246
2026-02-24,75320,09:10:37.952962,01,1018.5,200,000000005249
2026-02-24,75320,09:10:39.916431,01,1018.5,300,000000005251
2026-02-24,75320,09:10:39.916431,01,1019,100,000000005254
2026-02-24,75320,09:10:44.914395,01,1019,1300,000000005256
2026-02-24,75320,09:10:44.914395,01,1019.5,3200,000000005265
2026-02-24,75320,09:10:45.000228,01,1019.5,300,000000005283
2026-02-24,75320,09:10:45.000228,01,1020,300,000000005287
2026-02-24,75320,09:10:45.653360,01,1019,800,000000005292
2026-02-24,75320,09:10:50.003594,01,1018.5,600,000000005297
2026-02-24,75320,09:10:50.234996,01,1018.5,200,000000005299
2026-02-24,75320,09:10:50.234996,01,1019,800,000000005302
2026-02-24,75320,09:10:52.056889,01,1018.5,300,000000005308
2026-02-24,75320,09:10:52.056889,01,1019,100,000000005310
2026-02-24,75320,09:10:56.385436,01,1018.5,100,000000005312
2026-02-24,75320,09:10:57.445813,01,1018.5,300,000000005314
2026-02-24,75320,09:10:57.449951,01,1018.5,100,000000005317
2026-02-24,75320,09:10:57.566518,01,1018.5,100,000000005319
2026-02-24,75320,09:10:57.566518,01,1019,1900,000000005321
2026-02-24,75320,09:10:58.389226,01,1018.5,300,000000005326
2026-02-24,75320,09:10:58.390859,01,1018.5,200,000000005329
2026-02-24,75320,09:10:58.414892,01,1018.5,100,000000005331
2026-02-24,75320,09:10:58.431820,01,1019,500,000000005333
2026-02-24,75320,09:10:58.433939,01,1018.5,100,000000005336
2026-02-24,75320,09:10:58.437406,01,1018.5,100,000000005338
2026-02-24,75320,09:10:58.439842,01,1018.5,100,000000005340
2026-02-24,75320,09:10:59.003917,01,1018,1200,000000005345
2026-02-24,75320,09:11:01.576819,01,1018,2500,000000005357
2026-02-24,75320,09:11:01.588834,01,1017.5,2800,000000005366
2026-02-24,75320,09:11:01.592167,01,1017.5,200,000000005368
2026-02-24,75320,09:11:01.641864,01,1017.5,100,000000005370
2026-02-24,75320,09:11:01.641864,01,1017,1900,000000005374
2026-02-24,75320,09:11:01.657710,01,1018,700,000000005376
2026-02-24,75320,09:11:01.665547,01,1017.5,600,000000005381
2026-02-24,75320,09:11:01.875211,01,1018,300,000000005383
2026-02-24,75320,09:11:01.948279,01,1017,4900,000000005387
2026-02-24,75320,09:11:02.586504,01,1017,3300,000000005394
2026-02-24,75320,09:11:02.737659,01,1017,1200,000000005396
2026-02-24,75320,09:11:02.737659,01,1017.5,1300,000000005400
2026-02-24,75320,09:11:06.626467,01,1017,200,000000005409
2026-02-24,75320,09:11:06.626467,01,1017.5,1800,000000005412
2026-02-24,75320,09:11:14.359399,01,1017,1300,000000005427
2026-02-24,75320,09:11:22.400035,01,1017,2000,000000005429
2026-02-24,75320,09:11:22.401374,01,1017,600,000000005435
2026-02-24,75320,09:11:22.408847,01,1017,200,000000005438
2026-02-24,75320,09:11:22.966205,01,1017.5,300,000000005440
2026-02-24,75320,09:11:22.966205,01,1018,400,000000005443
2026-02-24,75320,09:11:23.930997,01,1017,100,000000005446
2026-02-24,75320,09:11:25.178846,01,1018,200,000000005448
2026-02-24,75320,09:11:26.564638,01,1018,200,000000005451
2026-02-24,75320,09:11:34.241442,01,1018.5,700,000000005454
2026-02-24,75320,09:11:34.242707,01,1018.5,1600,000000005459
2026-02-24,75320,09:11:34.247062,01,1018.5,200,000000005466
2026-02-24,75320,09:11:35.094585,01,1018.5,200,000000005468
2026-02-24,75320,09:11:35.254791,01,1018.5,300,000000005472
2026-02-24,75320,09:11:41.564802,01,1018,400,000000005476
2026-02-24,75320,09:11:41.565835,01,1018,800,000000005483
2026-02-24,75320,09:11:42.846127,01,1018,100,000000005485
2026-02-24,75320,09:11:42.846127,01,1018.5,200,000000005487
2026-02-24,75320,09:11:42.929746,01,1018,200,000000005491
2026-02-24,75320,09:11:42.959073,01,1018,100,000000005493
2026-02-24,75320,09:11:43.416680,01,1018,100,000000005495
2026-02-24,75320,09:11:43.893012,01,1018,100,000000005497
2026-02-24,75320,09:11:46.361303,01,1018,300,000000005499
2026-02-24,75320,09:11:46.850726,01,1018.5,100,000000005503
2026-02-24,75320,09:11:49.787908,01,1018,100,000000005505
2026-02-24,75320,09:11:49.793998,01,1018,200,000000005507
2026-02-24,75320,09:11:49.813831,01,1018,100,000000005509
2026-02-24,75320,09:11:51.855403,01,1018,100,000000005511
2026-02-24,75320,09:11:52.841970,01,1018,100,000000005513
2026-02-24,75320,09:11:59.607036,01,1018,2400,000000005515
2026-02-24,75320,09:11:59.615058,01,1018.5,3600,000000005521
2026-02-24,75320,09:11:59.663707,01,1019,700,000000005529
2026-02-24,75320,09:11:59.755850,01,1018.5,400,000000005531
2026-02-24,75320,09:11:59.757143,01,1018.5,500,000000005533
2026-02-24,75320,09:12:00.909954,01,1018.5,100,000000005535
2026-02-24,75320,09:12:00.909954,01,1019,500,000000005537
2026-02-24,75320,09:12:05.274533,01,1018.5,300,000000005542
2026-02-24,75320,09:12:05.277232,01,1018.5,300,000000005545
2026-02-24,75320,09:12:06.629210,01,1018,1700,000000005553
2026-02-24,75320,09:12:06.932410,01,1018,100,000000005555
2026-02-24,75320,09:12:07.419521,01,1018,100,000000005557
2026-02-24,75320,09:12:08.807274,01,1017.5,2100,000000005560
2026-02-24,75320,09:12:08.808244,01,1017.5,1400,000000005568
2026-02-24,75320,09:12:09.677730,01,1017.5,400,000000005570
2026-02-24,75320,09:12:09.677730,01,1018,500,000000005574
2026-02-24,75320,09:12:15.168173,01,1017,900,000000005583
2026-02-24,75320,09:12:20.657188,01,1017,200,000000005585
2026-02-24,75320,09:12:21.310030,01,1017.5,1300,000000005588
2026-02-24,75320,09:12:23.160656,01,1017.5,500,000000005595
2026-02-24,75320,09:12:23.228640,01,1017.5,200,000000005597
2026-02-24,75320,09:12:23.228640,01,1018,200,000000005600
2026-02-24,75320,09:12:29.156524,01,1017.5,600,000000005603
2026-02-24,75320,09:12:29.463806,01,1017.5,400,000000005605
2026-02-24,75320,09:12:33.864127,01,1017,100,000000005608
2026-02-24,75320,09:12:36.625898,01,1017.5,100,000000005610
2026-02-24,75320,09:12:37.660605,01,1017.5,700,000000005612
2026-02-24,75320,09:12:37.758898,01,1018,200,000000005616
2026-02-24,75320,09:12:37.759793,01,1018,3000,000000005618
2026-02-24,75320,09:12:38.485429,01,1018,300,000000005625
2026-02-24,75320,09:12:38.485429,01,1018.5,500,000000005628
2026-02-24,75320,09:12:43.731167,01,1018,500,000000005633
2026-02-24,75320,09:12:43.738156,01,1018,100,000000005637
2026-02-24,75320,09:12:45.416372,01,1017.5,200,000000005639
2026-02-24,75320,09:12:45.418728,01,1017.5,2900,000000005647
2026-02-24,75320,09:12:45.438021,01,1017,100,000000005649
2026-02-24,75320,09:12:45.776773,01,1017.5,200,000000005651
2026-02-24,75320,09:12:45.776773,01,1018,200,000000005654
2026-02-24,75320,09:12:45.780995,01,1017,300,000000005657
2026-02-24,75320,09:12:45.783271,01,1017.5,200,000000005659
2026-02-24,75320,09:12:45.809053,01,1017.5,100,000000005661
2026-02-24,75320,09:12:46.424774,01,1017,600,000000005666
2026-02-24,75320,09:12:49.468757,01,1017,100,000000005668
2026-02-24,75320,09:12:55.528551,01,1017,200,000000005670
2026-02-24,75320,09:13:03.808030,01,1017,200,000000005673
2026-02-24,75320,09:13:03.809575,01,1017,1400,000000005676
2026-02-24,75320,09:13:03.814772,01,1017.5,1800,000000005685
2026-02-24,75320,09:13:03.817129,01,1017,100,000000005693
2026-02-24,75320,09:13:03.828229,01,1017.5,200,000000005695
2026-02-24,75320,09:13:03.867244,01,1018,500,000000005697
2026-02-24,75320,09:13:03.869318,01,1017.5,100,000000005700
2026-02-24,75320,09:13:03.874827,01,1017.5,100,000000005702
2026-02-24,75320,09:13:08.394620,01,1017.5,900,000000005704
2026-02-24,75320,09:13:08.398244,01,1018,3400,000000005709
2026-02-24,75320,09:13:08.401920,01,1017.5,100,000000005721
2026-02-24,75320,09:13:08.412472,01,1018,200,000000005723
2026-02-24,75320,09:13:08.415016,01,1017.5,400,000000005726
2026-02-24,75320,09:13:08.420143,01,1017.5,1200,000000005732
2026-02-24,75320,09:13:08.428469,01,1018,300,000000005734
2026-02-24,75320,09:13:08.448073,01,1017.5,100,000000005736
2026-02-24,75320,09:13:08.903700,01,1018,400,000000005738
2026-02-24,75320,09:13:08.903700,01,1018.5,800,000000005742
2026-02-24,75320,09:13:08.909936,01,1017.5,400,000000005749
2026-02-24,75320,09:13:09.104803,01,1018,100,000000005751
2026-02-24,75320,09:13:09.112071,01,1018,400,000000005756
2026-02-24,75320,09:13:09.135986,01,1018,100,000000005758
2026-02-24,75320,09:13:09.140813,01,1018,200,000000005760
2026-02-24,75320,09:13:13.672710,01,1018,100,000000005762
2026-02-24,75320,09:13:17.050379,01,1017.5,700,000000005768
2026-02-24,75320,09:13:17.067061,01,1017,100,000000005770
2026-02-24,75320,09:13:17.195299,01,1017,100,000000005772
2026-02-24,75320,09:13:17.498682,01,1017.5,100,000000005774
2026-02-24,75320,09:13:19.098833,01,1017,200,000000005776
2026-02-24,75320,09:13:19.099504,01,1017,200,000000005779
2026-02-24,75320,09:13:20.342040,01,1016.5,3600,000000005794
2026-02-24,75320,09:13:20.359318,01,1016,100,000000005796
2026-02-24,75320,09:13:20.464700,01,1016,1800,000000005805
2026-02-24,75320,09:13:20.681964,01,1016.5,1100,000000005807
2026-02-24,75320,09:13:20.686083,01,1016,300,000000005810
2026-02-24,75320,09:13:20.689908,01,1015.5,7500,000000005819
2026-02-24,75320,09:13:20.692027,01,1015.5,400,000000005821
2026-02-24,75320,09:13:20.734455,01,1015,1200,000000005829
2026-02-24,75320,09:13:21.086801,01,1015,5800,000000005836
2026-02-24,75320,09:13:21.136023,01,1014.5,100,000000005838
2026-02-24,75320,09:13:21.228029,01,1014.5,100,000000005840
2026-02-24,75320,09:13:21.623082,01,1014.5,100,000000005842
2026-02-24,75320,09:13:21.625039,01,1015.5,100,000000005844
2026-02-24,75320,09:13:21.786651,01,1014.5,100,000000005846
2026-02-24,75320,09:13:21.829901,01,1015.5,300,000000005848
2026-02-24,75320,09:13:21.829901,01,1016,2500,000000005851
2026-02-24,75320,09:13:22.769263,01,1015,2100,000000005871
2026-02-24,75320,09:13:22.769263,01,1014.5,1600,000000005881
2026-02-24,75320,09:13:24.208731,01,1015,200,000000005884
2026-02-24,75320,09:13:24.222756,01,1015,300,000000005886
2026-02-24,75320,09:13:24.222756,01,1015.5,600,000000005888
2026-02-24,75320,09:13:24.913609,01,1015,200,000000005892
2026-02-24,75320,09:13:25.732355,01,1015,200,000000005895
2026-02-24,75320,09:13:29.480127,01,1014.5,200,000000005898
2026-02-24,75320,09:13:36.313032,01,1014.5,600,000000005902
2026-02-24,75320,09:13:36.330331,01,1015,2300,000000005904
2026-02-24,75320,09:13:36.350675,01,1015,100,000000005910
2026-02-24,75320,09:13:36.350675,01,1014.5,1600,000000005917
2026-02-24,75320,09:13:37.324178,01,1014.5,400,000000005922
2026-02-24,75320,09:13:37.443216,01,1015,100,000000005924
2026-02-24,75320,09:13:37.630367,01,1015,100,000000005926
2026-02-24,75320,09:13:47.401231,01,1014.5,1900,000000005934
2026-02-24,75320,09:13:47.448022,01,1014,100,000000005936
2026-02-24,75320,09:13:50.522467,01,1014,4700,000000005948
2026-02-24,75320,09:13:50.524275,01,1014,500,000000005950
2026-02-24,75320,09:13:50.534498,01,1013.5,3400,000000005962
2026-02-24,75320,09:13:50.573152,01,1013.5,200,000000005965
2026-02-24,75320,09:13:50.574013,01,1013.5,100,000000005967
2026-02-24,75320,09:13:50.590857,01,1013.5,200,000000005969
2026-02-24,75320,09:13:50.649104,01,1014,300,000000005971
2026-02-24,75320,09:13:50.650943,01,1014,1500,000000005974
2026-02-24,75320,09:13:50.979830,01,1014.5,400,000000005978
2026-02-24,75320,09:13:51.135222,01,1015,1200,000000005982
2026-02-24,75320,09:13:51.149665,01,1014,1400,000000005995
2026-02-24,75320,09:13:51.256090,01,1014.5,200,000000005997
2026-02-24,75320,09:13:51.381495,01,1015,600,000000006000
2026-02-24,75320,09:13:51.382486,01,1015,100,000000006005
2026-02-24,75320,09:13:51.532399,01,1015,200,000000006007
2026-02-24,75320,09:13:51.905151,01,1015,200,000000006010
2026-02-24,75320,09:13:52.547848,01,1015,200,000000006013
2026-02-24,75320,09:13:52.554109,01,1014.5,1700,000000006018
2026-02-24,75320,09:13:52.555491,01,1014.5,100,000000006020
2026-02-24,75320,09:13:52.832215,01,1015.5,600,000000006022
2026-02-24,75320,09:13:59.973139,01,1015,200,000000006026
2026-02-24,75320,09:13:59.978597,01,1015,100,000000006028
2026-02-24,75320,09:13:59.980551,01,1015,100,000000006030
2026-02-24,75320,09:13:59.997115,01,1015,100,000000006032
2026-02-24,75320,09:14:00.060388,01,1015.5,1900,000000006034
2026-02-24,75320,09:14:01.152816,01,1014.5,1000,000000006044
2026-02-24,75320,09:14:09.757261,01,1014,3000,000000006054
2026-02-24,75320,09:14:09.768520,01,1013.5,1300,000000006065
2026-02-24,75320,09:14:10.221165,01,1014,1900,000000006067
2026-02-24,75320,09:14:12.297883,01,1014,500,000000006075
2026-02-24,75320,09:14:12.297883,01,1014.5,200,000000006080
2026-02-24,75320,09:14:12.304963,01,1014,100,000000006083
2026-02-24,75320,09:14:12.310636,01,1013.5,300,000000006086
2026-02-24,75320,09:14:12.328556,01,1014,100,000000006088
2026-02-24,75320,09:14:14.304926,01,1014,400,000000006090
2026-02-24,75320,09:14:19.956172,01,1013.5,400,000000006096
2026-02-24,75320,09:14:19.967593,01,1013,1700,000000006108
2026-02-24,75320,09:14:20.213837,01,1013.5,700,000000006110
2026-02-24,75320,09:14:20.976437,01,1013,600,000000006114
2026-02-24,75320,09:14:20.984589,01,1012.5,7400,000000006129
2026-02-24,75320,09:14:21.004533,01,1012.5,300,000000006131
2026-02-24,75320,09:14:21.127858,01,1013,800,000000006133
2026-02-24,75320,09:14:21.127858,01,1013.5,900,000000006137
2026-02-24,75320,09:14:21.459519,01,1013.5,500,000000006145
2026-02-24,75320,09:14:21.648154,01,1013.5,200,000000006149
2026-02-24,75320,09:14:21.742321,01,1013.5,100,000000006151
2026-02-24,75320,09:14:21.742321,01,1014,700,000000006153
2026-02-24,75320,09:14:21.917884,01,1013.5,300,000000006159
2026-02-24,75320,09:14:21.998176,01,1014,400,000000006162
2026-02-24,75320,09:14:25.360886,01,1013.5,200,000000006164
2026-02-24,75320,09:14:25.600349,01,1013,100,000000006166
2026-02-24,75320,09:14:25.601892,01,1013,100,000000006168
2026-02-24,75320,09:14:29.399087,01,1013.5,400,000000006170
2026-02-24,75320,09:14:30.136203,01,1013,400,000000006176
2026-02-24,75320,09:14:33.863769,01,1013,1800,000000006181
2026-02-24,75320,09:14:33.925977,01,1013.5,400,000000006183
2026-02-24,75320,09:14:34.799662,01,1013,300,000000006187
2026-02-24,75320,09:14:34.872808,01,1012.5,1600,000000006198
2026-02-24,75320,09:14:34.892072,01,1012,100,000000006200
2026-02-24,75320,09:14:40.576262,01,1012.5,400,000000006202
2026-02-24,75320,09:14:40.577750,01,1012.5,100,000000006206
2026-02-24,75320,09:14:47.061645,01,1012,100,000000006208
2026-02-24,75320,09:14:47.148744,01,1012.5,100,000000006210
2026-02-24,75320,09:14:47.151821,01,1013,2500,000000006212
2026-02-24,75320,09:14:48.804453,01,1013,100,000000006223
2026-02-24,75320,09:14:48.805941,01,1013,400,000000006227
2026-02-24,75320,09:14:52.380013,01,1013,300,000000006229
2026-02-24,75320,09:14:54.114160,01,1013.5,400,000000006232
2026-02-24,75320,09:14:54.707987,01,1013.5,100,000000006234
2026-02-24,75320,09:14:55.574243,01,1013.5,500,000000006236
2026-02-24,75320,09:14:57.076327,01,1013.5,100,000000006238
2026-02-24,75320,09:14:57.276458,01,1013.5,200,000000006240
2026-02-24,75320,09:15:00.018595,01,1013,2500,000000006249
2026-02-24,75320,09:15:00.571535,01,1013,100,000000006251
2026-02-24,75320,09:15:00.748333,01,1013,400,000000006253
2026-02-24,75320,09:15:08.402574,01,1013,1600,000000006257
2026-02-24,75320,09:15:08.516842,01,1013,100,000000006266
2026-02-24,75320,09:15:09.388754,01,1013.5,100,000000006268
2026-02-24,75320,09:15:10.334965,01,1013.5,700,000000006270
2026-02-24,75320,09:15:10.340600,01,1013.5,100,000000006277
2026-02-24,75320,09:15:10.560539,01,1014,100,000000006279
2026-02-24,75320,09:15:13.935371,01,1014,1800,000000006281
2026-02-24,75320,09:15:15.124458,01,1014,800,000000006293
2026-02-24,75320,09:15:18.348750,01,1014.5,4100,000000006295
2026-02-24,75320,09:15:18.453652,01,1015,700,000000006305
2026-02-24,75320,09:15:18.456162,01,1015,1800,000000006311
2026-02-24,75320,09:15:20.401548,01,1015.5,200,000000006316
2026-02-24,75320,09:15:20.406127,01,1015.5,1400,000000006318
2026-02-24,75320,09:15:20.444306,01,1015.5,100,000000006320
2026-02-24,75320,09:15:20.552250,01,1015,1300,000000006328
2026-02-24,75320,09:15:20.564140,01,1015,100,000000006330
2026-02-24,75320,09:15:20.565579,01,1015,100,000000006332
2026-02-24,75320,09:15:20.566016,01,1015,800,000000006334
2026-02-24,75320,09:15:20.638012,01,1015.5,200,000000006336
2026-02-24,75320,09:15:22.440948,01,1015.5,100,000000006339
2026-02-24,75320,09:15:22.440948,01,1016,700,000000006341
2026-02-24,75320,09:15:22.643784,01,1015,400,000000006348
2026-02-24,75320,09:15:24.894635,01,1015,400,000000006350
2026-02-24,75320,09:15:25.858313,01,1015,400,000000006353
2026-02-24,75320,09:15:31.134853,01,1014.5,1500,000000006364
2026-02-24,75320,09:15:33.841224,01,1014.5,500,000000006366
2026-02-24,75320,09:15:33.842279,01,1014.5,1700,000000006370
2026-02-24,75320,09:15:34.439455,01,1015,500,000000006373
2026-02-24,75320,09:15:34.440553,01,1015,300,000000006378
2026-02-24,75320,09:15:36.814957,01,1015,100,000000006380
2026-02-24,75320,09:15:36.838006,01,1015,100,000000006382
2026-02-24,75320,09:15:36.850022,01,1015,100,000000006384
2026-02-24,75320,09:15:40.088983,01,1014.5,100,000000006386
2026-02-24,75320,09:15:40.608807,01,1014.5,1200,000000006389
2026-02-24,75320,09:15:44.766474,01,1015,800,000000006391
2026-02-24,75320,09:15:50.795788,01,1015,300,000000006397
2026-02-24,75320,09:15:50.800136,01,1015,2100,000000006400
2026-02-24,75320,09:15:50.892616,01,1015,1100,000000006409
2026-02-24,75320,09:15:51.715443,01,1015,300,000000006411
2026-02-24,75320,09:15:51.715443,01,1015.5,100,000000006414
2026-02-24,75320,09:15:58.968646,01,1014.5,100,000000006416
2026-02-24,75320,09:15:58.969840,01,1014.5,400,000000006420
2026-02-24,75320,09:16:02.649589,01,1014.5,100,000000006422
2026-02-24,75320,09:16:02.679196,01,1014.5,200,000000006424
2026-02-24,75320,09:16:02.685388,01,1014.5,300,000000006426
2026-02-24,75320,09:16:02.730846,01,1014.5,100,000000006428
2026-02-24,75320,09:16:14.779786,01,1015,1500,000000006430
2026-02-24,75320,09:16:14.834058,01,1015.5,400,000000006440
2026-02-24,75320,09:16:15.416340,01,1015.5,400,000000006443
2026-02-24,75320,09:16:19.111250,01,1015.5,4100,000000006446
2026-02-24,75320,09:16:21.147666,01,1016,600,000000006460
2026-02-24,75320,09:16:21.148645,01,1016,800,000000006463
2026-02-24,75320,09:16:21.161937,01,1016,100,000000006468
2026-02-24,75320,09:16:31.601477,01,1016,100,000000006470
2026-02-24,75320,09:16:35.257812,01,1015.5,700,000000006475
2026-02-24,75320,09:16:37.783096,01,1016,100,000000006477
2026-02-24,75320,09:16:37.790909,01,1015.5,100,000000006479
2026-02-24,75320,09:16:40.202467,01,1015.5,200,000000006481
2026-02-24,75320,09:16:40.203467,01,1015.5,300,000000006484
2026-02-24,75320,09:16:42.166792,01,1015.5,500,000000006490
2026-02-24,75320,09:16:42.220751,01,1015,6800,000000006501
2026-02-24,75320,09:16:42.248384,01,1015.5,400,000000006503
2026-02-24,75320,09:16:42.791339,01,1016,800,000000006505
2026-02-24,75320,09:16:42.795403,01,1015.5,200,000000006507
2026-02-24,75320,09:16:43.189302,01,1015,100,000000006509
2026-02-24,75320,09:16:46.199806,01,1015.5,700,000000006511
2026-02-24,75320,09:16:46.199806,01,1016,200,000000006515
2026-02-24,75320,09:16:46.466886,01,1016,400,000000006517
2026-02-24,75320,09:16:47.764436,01,1016,500,000000006519
2026-02-24,75320,09:16:47.956979,01,1016,200,000000006524
2026-02-24,75320,09:16:47.975270,01,1016,100,000000006526
2026-02-24,75320,09:16:50.101141,01,1016,100,000000006528
2026-02-24,75320,09:16:50.144342,01,1016,100,000000006530
2026-02-24,75320,09:16:53.250805,01,1015.5,1000,000000006535
2026-02-24,75320,09:16:54.265080,01,1015,100,000000006537
2026-02-24,75320,09:17:01.122783,01,1015,2700,000000006545
2026-02-24,75320,09:17:01.177546,01,1015.5,600,000000006547
2026-02-24,75320,09:17:01.908720,01,1015.5,500,000000006550
2026-02-24,75320,09:17:01.982346,01,1015,100,000000006553
2026-02-24,75320,09:17:02.136399,01,1015,200,000000006556
2026-02-24,75320,09:17:04.721727,01,1015.5,900,000000006558
2026-02-24,75320,09:17:05.553371,01,1015.5,200,000000006565
2026-02-24,75320,09:17:07.625069,01,1015,300,000000006568
2026-02-24,75320,09:17:08.632243,01,1014.5,2800,000000006580
2026-02-24,75320,09:17:09.129731,01,1015,500,000000006582
2026-02-24,75320,09:17:16.240237,01,1015,1100,000000006586
2026-02-24,75320,09:17:16.244201,01,1015,200,000000006591
2026-02-24,75320,09:17:16.244201,01,1015.5,27500,000000006593
2026-02-24,75320,09:17:16.260983,01,1015,600,000000006606
2026-02-24,75320,09:17:16.264638,01,1015.5,100,000000006608
2026-02-24,75320,09:17:16.276126,01,1015.5,100,000000006610
2026-02-24,75320,09:17:16.279617,01,1015,200,000000006613
2026-02-24,75320,09:17:16.430795,01,1015.5,600,000000006615
2026-02-24,75320,09:17:17.035605,01,1015,100,000000006618
2026-02-24,75320,09:17:17.069318,01,1016,400,000000006620
2026-02-24,75320,09:17:17.250780,01,1015.5,200,000000006623
2026-02-24,75320,09:17:17.579164,01,1016,2800,000000006625
2026-02-24,75320,09:17:17.579164,01,1016.5,1200,000000006640
2026-02-24,75320,09:17:17.944430,01,1015.5,200,000000006649
2026-02-24,75320,09:17:17.947620,01,1015.5,400,000000006651
2026-02-24,75320,09:17:19.428237,01,1015.5,300,000000006653
2026-02-24,75320,09:17:19.876380,01,1015.5,300,000000006657
2026-02-24,75320,09:17:19.937242,01,1016,1200,000000006659
