Date,Code,Time,SessionDistinction,Price,TradingVolume,TransactionId
2026-02-24,95060,09:00:00.057002,01,1305,208200,000000000100
2026-02-24,95060,09:00:00.138432,01,1305,100,000000000265
2026-02-24,95060,09:00:00.343247,01,1305,100,000000000267
2026-02-24,95060,09:00:01.055143,01,1305,300,000000000269
2026-02-24,95060,09:00:01.288196,01,1305,1400,000000000271
2026-02-24,95060,09:00:01.289508,01,1305,400,000000000273
2026-02-24,95060,09:00:01.513476,01,1306,100,000000000275
2026-02-24,95060,09:00:01.691305,01,1303,400,000000000277
2026-02-24,95060,09:00:05.731113,01,1304.5,100,000000000279
2026-02-24,95060,09:00:06.479362,01,1304.5,400,000000000281
2026-02-24,95060,09:00:06.481691,01,1304.5,400,000000000283
2026-02-24,95060,09:00:06.675455,01,1304,200,000000000285
2026-02-24,95060,09:00:07.700156,01,1304,800,000000000287
2026-02-24,95060,09:00:07.703480,01,1304.5,500,000000000289
2026-02-24,95060,09:00:07.958023,01,1304,200,000000000293
2026-02-24,95060,09:00:10.499200,01,1303,200,000000000296
2026-02-24,95060,09:00:10.803247,01,1303.5,100,000000000298
2026-02-24,95060,09:00:13.510790,01,1303,100,000000000300
2026-02-24,95060,09:00:14.524395,01,1302.5,200,000000000303
2026-02-24,95060,09:00:18.598691,01,1302,100,000000000305
2026-02-24,95060,09:00:18.599369,01,1302,100,000000000307
2026-02-24,95060,09:00:18.605745,01,1301.5,1000,000000000313
2026-02-24,95060,09:00:18.614734,01,1301,200,000000000316
2026-02-24,95060,09:00:18.616729,01,1301,400,000000000320
2026-02-24,95060,09:00:19.593903,01,1302,100,000000000322
2026-02-24,95060,09:00:19.595829,01,1301,100,000000000324
2026-02-24,95060,09:00:21.436663,01,1301.5,100,000000000326
2026-02-24,95060,09:00:21.519282,01,1303.5,1200,000000000337
2026-02-24,95060,09:00:21.519282,01,1304,900,000000000343
2026-02-24,95060,09:00:21.519282,01,1304.5,1100,000000000348
2026-02-24,95060,09:00:21.519282,01,1305,700,000000000354
2026-02-24,95060,09:00:21.519282,01,1302.5,600,000000000328
2026-02-24,95060,09:00:21.519282,01,1303,300,000000000333
2026-02-24,95060,09:00:22.445662,01,1304,100,000000000359
2026-02-24,95060,09:00:23.459643,01,1304,100,000000000361
2026-02-24,95060,09:00:23.940889,01,1303,200,000000000363
2026-02-24,95060,09:00:24.476151,01,1303.5,100,000000000365
2026-02-24,95060,09:00:26.242134,01,1301,100,000000000367
2026-02-24,95060,09:00:26.243082,01,1301,300,000000000371
2026-02-24,95060,09:00:28.564775,01,1300.5,700,000000000378
2026-02-24,95060,09:00:30.876044,01,1300,2400,000000000391
2026-02-24,95060,09:00:30.884129,01,1299.5,800,000000000394
2026-02-24,95060,09:00:30.896610,01,1300,100,000000000396
2026-02-24,95060,09:00:30.905566,01,1299.5,100,000000000398
2026-02-24,95060,09:00:30.905566,01,1299,600,000000000402
2026-02-24,95060,09:00:30.910951,01,1299.5,200,000000000404
2026-02-24,95060,09:00:30.917818,01,1299,300,000000000408
2026-02-24,95060,09:00:31.047679,01,1298.5,200,000000000411
2026-02-24,95060,09:00:31.050797,01,1298,1700,000000000416
2026-02-24,95060,09:00:31.053916,01,1297.5,2000,000000000426
2026-02-24,95060,09:00:31.066342,01,1297,200,000000000429
2026-02-24,95060,09:00:31.074704,01,1297,100,000000000431
2026-02-24,95060,09:00:31.087451,01,1296.5,100,000000000433
2026-02-24,95060,09:00:31.220384,01,1296,1000,000000000438
2026-02-24,95060,09:00:31.225193,01,1296.5,100,000000000440
2026-02-24,95060,09:00:31.225759,01,1296.5,100,000000000442
2026-02-24,95060,09:00:31.414808,01,1297,100,000000000444
2026-02-24,95060,09:00:31.766634,01,1297.5,100,000000000446
2026-02-24,95060,09:00:31.840640,01,1295.5,500,000000000451
2026-02-24,95060,09:00:32.269716,01,1296,1700,000000000453
2026-02-24,95060,09:00:32.275065,01,1296.5,100,000000000457
2026-02-24,95060,09:00:33.244133,01,1297,200,000000000459
2026-02-24,95060,09:00:33.615964,01,1296.5,300,000000000462
2026-02-24,95060,09:00:34.485648,01,1295.5,100,000000000464
2026-02-24,95060,09:00:36.259872,01,1296.5,200,000000000466
2026-02-24,95060,09:00:36.651325,01,1297,400,000000000469
2026-02-24,95060,09:00:37.601817,01,1297.5,200,000000000472
2026-02-24,95060,09:00:37.631644,01,1298,100,000000000474
2026-02-24,95060,09:00:37.635456,01,1298,100,000000000476
2026-02-24,95060,09:00:37.640706,01,1297.5,100,000000000478
2026-02-24,95060,09:00:38.881337,01,1298.5,100,000000000480
2026-02-24,95060,09:00:41.311254,01,1298,200,000000000482
2026-02-24,95060,09:00:42.315037,01,1297,200,000000000486
2026-02-24,95060,09:00:42.316087,01,1297,500,000000000491
2026-02-24,95060,09:00:42.323446,01,1296.5,900,000000000496
2026-02-24,95060,09:00:42.333091,01,1297.5,100,000000000498
2026-02-24,95060,09:00:42.441883,01,1296,300,000000000501
2026-02-24,95060,09:00:43.173415,01,1296.5,100,000000000503
2026-02-24,95060,09:00:45.381748,01,1297,200,000000000505
2026-02-24,95060,09:00:49.355019,01,1297.5,300,000000000508
2026-02-24,95060,09:00:49.375952,01,1297,100,000000000511
2026-02-24,95060,09:00:50.458494,01,1297.5,100,000000000513
2026-02-24,95060,09:00:50.552509,01,1298,100,000000000515
2026-02-24,95060,09:00:50.552509,01,1298.5,500,000000000517
2026-02-24,95060,09:00:50.552509,01,1299,1700,000000000522
2026-02-24,95060,09:00:50.552509,01,1299.5,2300,000000000532
2026-02-24,95060,09:00:50.552509,01,1300,200,000000000543
2026-02-24,95060,09:00:50.575271,01,1298,100,000000000545
2026-02-24,95060,09:00:51.023376,01,1299.5,100,000000000547
2026-02-24,95060,09:00:51.324071,01,1300,100,000000000549
2026-02-24,95060,09:00:51.663798,01,1300,100,000000000551
2026-02-24,95060,09:00:52.385727,01,1298.5,600,000000000557
2026-02-24,95060,09:00:52.751901,01,1298,300,000000000561
2026-02-24,95060,09:00:53.190480,01,1299,300,000000000563
2026-02-24,95060,09:00:53.190480,01,1299.5,100,000000000566
2026-02-24,95060,09:01:01.125022,01,1297,100,000000000568
2026-02-24,95060,09:01:04.951305,01,1297,400,000000000570
2026-02-24,95060,09:01:05.521822,01,1296.5,400,000000000574
2026-02-24,95060,09:01:05.543492,01,1297.5,200,000000000576
2026-02-24,95060,09:01:05.547359,01,1297.5,100,000000000579
2026-02-24,95060,09:01:05.550088,01,1297,1400,000000000581
2026-02-24,95060,09:01:05.556616,01,1297.5,200,000000000583
2026-02-24,95060,09:01:07.945210,01,1296.5,300,000000000586
2026-02-24,95060,09:01:07.957313,01,1296.5,100,000000000588
2026-02-24,95060,09:01:08.118216,01,1296,100,000000000590
2026-02-24,95060,09:01:08.127778,01,1296,100,000000000592
2026-02-24,95060,09:01:10.259341,01,1295,2800,000000000599
2026-02-24,95060,09:01:12.728993,01,1295.5,100,000000000601
2026-02-24,95060,09:01:12.889348,01,1295,100,000000000603
2026-02-24,95060,09:01:15.974970,01,1295.5,200,000000000605
2026-02-24,95060,09:01:16.243051,01,1296,400,000000000608
2026-02-24,95060,09:01:16.263461,01,1296,100,000000000611
2026-02-24,95060,09:01:19.344821,01,1296,200,000000000613
2026-02-24,95060,09:01:19.348826,01,1296,700,000000000616
2026-02-24,95060,09:01:19.352440,01,1295.5,100,000000000618
2026-02-24,95060,09:01:21.291319,01,1295,100,000000000620
2026-02-24,95060,09:01:21.510800,01,1294.5,100,000000000622
2026-02-24,95060,09:01:23.595056,01,1296,100,000000000624
2026-02-24,95060,09:01:24.721435,01,1296,400,000000000626
2026-02-24,95060,09:01:24.845336,01,1296,100,000000000629
2026-02-24,95060,09:01:26.459432,01,1296.5,100,000000000631
2026-02-24,95060,09:01:26.730661,01,1296.5,100,000000000633
2026-02-24,95060,09:01:28.773713,01,1296,300,000000000637
2026-02-24,95060,09:01:28.826618,01,1295.5,100,000000000639
2026-02-24,95060,09:01:28.937314,01,1295,200,000000000641
2026-02-24,95060,09:01:31.585918,01,1295,100,000000000643
2026-02-24,95060,09:01:31.746159,01,1295,200,000000000645
2026-02-24,95060,09:01:31.777871,01,1294.5,100,000000000647
2026-02-24,95060,09:01:31.844430,01,1295,1600,000000000649
2026-02-24,95060,09:01:31.844430,01,1295.5,200,000000000651
2026-02-24,95060,09:01:31.844430,01,1296,1900,000000000653
2026-02-24,95060,09:01:31.844430,01,1296.5,1000,000000000660
2026-02-24,95060,09:01:31.861675,01,1295.5,100,000000000667
2026-02-24,95060,09:01:33.919155,01,1296,800,000000000669
2026-02-24,95060,09:01:33.919155,01,1296.5,1100,000000000675
2026-02-24,95060,09:01:33.919155,01,1297,2800,000000000684
2026-02-24,95060,09:01:33.919155,01,1297.5,300,000000000695
2026-02-24,95060,09:01:35.738961,01,1297.5,100,000000000698
2026-02-24,95060,09:01:35.989404,01,1297,1000,000000000705
2026-02-24,95060,09:01:36.002232,01,1296.5,300,000000000708
2026-02-24,95060,09:01:38.143228,01,1296,300,000000000712
2026-02-24,95060,09:01:38.144270,01,1297,100,000000000714
2026-02-24,95060,09:01:38.650034,01,1297,100,000000000716
2026-02-24,95060,09:01:38.650034,01,1297.5,1100,000000000718
2026-02-24,95060,09:01:38.650034,01,1298,3800,000000000726
2026-02-24,95060,09:01:40.659427,01,1298,1000,000000000733
2026-02-24,95060,09:01:40.678113,01,1297.5,100,000000000735
2026-02-24,95060,09:01:40.842443,01,1298,800,000000000737
2026-02-24,95060,09:01:41.746292,01,1298,200,000000000739
2026-02-24,95060,09:01:45.350393,01,1298,100,000000000741
2026-02-24,95060,09:01:48.186062,01,1297.5,100,000000000743
2026-02-24,95060,09:01:51.333232,01,1297,200,000000000745
2026-02-24,95060,09:01:51.338904,01,1296.5,1600,000000000751
2026-02-24,95060,09:01:51.352168,01,1296,1600,000000000756
2026-02-24,95060,09:01:51.369126,01,1295.5,1100,000000000760
2026-02-24,95060,09:01:51.381664,01,1296.5,100,000000000762
2026-02-24,95060,09:01:51.381664,01,1295.5,200,000000000764
2026-02-24,95060,09:01:52.008027,01,1296,200,000000000766
2026-02-24,95060,09:01:52.528774,01,1296.5,900,000000000768
2026-02-24,95060,09:01:54.182610,01,1297.5,100,000000000774
2026-02-24,95060,09:01:55.231128,01,1297,200,000000000776
2026-02-24,95060,09:01:56.401372,01,1298,500,000000000778
2026-02-24,95060,09:01:56.444747,01,1297.5,200,000000000784
2026-02-24,95060,09:01:59.905070,01,1298,100,000000000786
2026-02-24,95060,09:02:01.025742,01,1297,400,000000000788
2026-02-24,95060,09:02:01.031466,01,1296.5,2400,000000000793
2026-02-24,95060,09:02:05.900715,01,1296,100,000000000795
2026-02-24,95060,09:02:05.912507,01,1296.5,2700,000000000797
2026-02-24,95060,09:02:05.936411,01,1296.5,100,000000000804
2026-02-24,95060,09:02:06.037492,01,1297,100,000000000806
2026-02-24,95060,09:02:07.397783,01,1297.5,100,000000000808
2026-02-24,95060,09:02:07.506235,01,1297.5,500,000000000810
2026-02-24,95060,09:02:08.204493,01,1298.5,100,000000000812
2026-02-24,95060,09:02:08.622952,01,1298,400,000000000816
2026-02-24,95060,09:02:08.637259,01,1298.5,100,000000000818
2026-02-24,95060,09:02:08.641289,01,1298.5,100,000000000820
2026-02-24,95060,09:02:12.007468,01,1298.5,100,000000000822
2026-02-24,95060,09:02:13.399501,01,1299,100,000000000824
2026-02-24,95060,09:02:14.161410,01,1299.5,200,000000000826
2026-02-24,95060,09:02:15.450914,01,1299.5,400,000000000829
2026-02-24,95060,09:02:16.705847,01,1299.5,100,000000000833
2026-02-24,95060,09:02:16.719874,01,1299.5,100,000000000835
2026-02-24,95060,09:02:18.736684,01,1300,500,000000000837
2026-02-24,95060,09:02:18.738323,01,1300,6100,000000000842
2026-02-24,95060,09:02:18.759410,01,1300,200,000000000844
2026-02-24,95060,09:02:19.811986,01,1300.5,1300,000000000846
2026-02-24,95060,09:02:19.833609,01,1300.5,100,000000000849
2026-02-24,95060,09:02:19.836108,01,1300.5,300,000000000852
2026-02-24,95060,09:02:19.840284,01,1300.5,100,000000000854
2026-02-24,95060,09:02:20.888640,01,1301,300,000000000856
2026-02-24,95060,09:02:20.889793,01,1301,100,000000000859
2026-02-24,95060,09:02:20.904995,01,1300.5,100,000000000861
2026-02-24,95060,09:02:21.530989,01,1300,400,000000000865
2026-02-24,95060,09:02:21.624519,01,1299,2200,000000000872
2026-02-24,95060,09:02:21.624519,01,1298.5,2900,000000000881
2026-02-24,95060,09:02:21.624519,01,1298,4400,000000000892
2026-02-24,95060,09:02:24.528032,01,1299,600,000000000896
2026-02-24,95060,09:02:24.899467,01,1299,200,000000000898
2026-02-24,95060,09:02:25.998038,01,1299.5,300,000000000901
2026-02-24,95060,09:02:26.088078,01,1300,100,000000000904
2026-02-24,95060,09:02:26.343766,01,1300,200,000000000906
2026-02-24,95060,09:02:26.343766,01,1300.5,300,000000000908
2026-02-24,95060,09:02:28.419513,01,1299,100,000000000910
2026-02-24,95060,09:02:28.420450,01,1299,300,000000000913
2026-02-24,95060,09:02:28.765472,01,1299.5,200,000000000915
2026-02-24,95060,09:02:32.935388,01,1299,100,000000000917
2026-02-24,95060,09:02:34.100531,01,1298.5,200,000000000919
2026-02-24,95060,09:02:38.788735,01,1298,200,000000000921
2026-02-24,95060,09:02:38.789595,01,1298,200,000000000923
2026-02-24,95060,09:02:40.110834,01,1297.5,1500,000000000928
2026-02-24,95060,09:02:43.216543,01,1297.5,1400,000000000930
2026-02-24,95060,09:02:43.217251,01,1297.5,200,000000000932
2026-02-24,95060,09:02:46.746889,01,1297.5,400,000000000936
2026-02-24,95060,09:02:46.863457,01,1297,200,000000000938
2026-02-24,95060,09:02:46.912174,01,1296.5,600,000000000941
2026-02-24,95060,09:02:48.614514,01,1296,300,000000000943
2026-02-24,95060,09:02:50.427266,01,1296,300,000000000945
2026-02-24,95060,09:02:53.386072,01,1296,100,000000000949
2026-02-24,95060,09:02:55.834044,01,1296.5,600,000000000951
2026-02-24,95060,09:02:55.840520,01,1296.5,100,000000000956
2026-02-24,95060,09:02:56.093830,01,1296,200,000000000959
2026-02-24,95060,09:02:58.978389,01,1296,300,000000000961
2026-02-24,95060,09:03:00.802466,01,1295.5,900,000000000966
2026-02-24,95060,09:03:02.107673,01,1295.5,800,000000000968
2026-02-24,95060,09:03:02.109919,01,1295.5,800,000000000970
2026-02-24,95060,09:03:02.118346,01,1295.5,400,000000000974
2026-02-24,95060,09:03:04.691295,01,1296,300,000000000976
2026-02-24,95060,09:03:04.882987,01,1296,100,000000000978
2026-02-24,95060,09:03:05.047591,01,1296.5,200,000000000980
2026-02-24,95060,09:03:08.093277,01,1297,100,000000000983
2026-02-24,95060,09:03:09.124488,01,1297.5,2500,000000000985
2026-02-24,95060,09:03:09.130132,01,1297.5,2000,000000000989
2026-02-24,95060,09:03:09.202610,01,1298,500,000000000993
2026-02-24,95060,09:03:09.203482,01,1298,200,000000000996
2026-02-24,95060,09:03:09.372941,01,1298,200,000000000998
2026-02-24,95060,09:03:10.691559,01,1298,200,000000001002
2026-02-24,95060,09:03:10.693544,01,1298,100,000000001004
2026-02-24,95060,09:03:11.252739,01,1297,1200,000000001017
2026-02-24,95060,09:03:11.252739,01,1297.5,800,000000001010
2026-02-24,95060,09:03:14.035460,01,1296.5,300,000000001021
2026-02-24,95060,09:03:15.580386,01,1296,300,000000001023
2026-02-24,95060,09:03:15.581388,01,1296,200,000000001026
2026-02-24,95060,09:03:20.247246,01,1295.5,200,000000001029
2026-02-24,95060,09:03:21.344228,01,1295,1200,000000001035
2026-02-24,95060,09:03:21.360861,01,1295,100,000000001037
2026-02-24,95060,09:03:40.210401,01,1294,100,000000001039
2026-02-24,95060,09:03:43.632269,01,1294,400,000000001041
2026-02-24,95060,09:03:43.633315,01,1294,1000,000000001046
2026-02-24,95060,09:03:43.850127,01,1293.5,100,000000001048
2026-02-24,95060,09:03:47.218794,01,1293.5,1800,000000001050
2026-02-24,95060,09:03:47.464108,01,1294,100,000000001054
2026-02-24,95060,09:03:50.868343,01,1294.5,100,000000001056
2026-02-24,95060,09:03:51.605305,01,1293.5,200,000000001058
2026-02-24,95060,09:03:51.606248,01,1293.5,500,000000001062
2026-02-24,95060,09:03:51.891637,01,1293.5,100,000000001064
2026-02-24,95060,09:03:53.995880,01,1294,500,000000001066
2026-02-24,95060,09:03:57.779089,01,1293,300,000000001072
2026-02-24,95060,09:03:57.792135,01,1293,100,000000001074
2026-02-24,95060,09:04:01.292244,01,1292.5,700,000000001076
2026-02-24,95060,09:04:01.293927,01,1292.5,900,000000001078
2026-02-24,95060,09:04:02.431042,01,1293,400,000000001080
2026-02-24,95060,09:04:03.395884,01,1293.5,100,000000001083
2026-02-24,95060,09:04:04.382712,01,1293.5,200,000000001086
2026-02-24,95060,09:04:05.555112,01,1294,100,000000001088
2026-02-24,95060,09:04:05.555615,01,1294,200,000000001090
2026-02-24,95060,09:04:05.560005,01,1294,500,000000001093
2026-02-24,95060,09:04:08.284393,01,1293.5,100,000000001097
2026-02-24,95060,09:04:09.780814,01,1292.5,300,000000001099
2026-02-24,95060,09:04:10.586392,01,1293,100,000000001101
2026-02-24,95060,09:04:11.684711,01,1293,100,000000001103
2026-02-24,95060,09:04:11.684711,01,1293.5,200,000000001105
2026-02-24,95060,09:04:11.693275,01,1293,100,000000001108
2026-02-24,95060,09:04:15.096820,01,1292.5,100,000000001110
2026-02-24,95060,09:04:21.518633,01,1292,300,000000001113
2026-02-24,95060,09:04:21.519642,01,1292,200,000000001115
2026-02-24,95060,09:04:27.021090,01,1292,100,000000001117
2026-02-24,95060,09:04:32.038931,01,1291.5,100,000000001119
2026-02-24,95060,09:04:36.252638,01,1291.5,100,000000001121
2026-02-24,95060,09:04:42.936883,01,1292,200,000000001123
2026-02-24,95060,09:04:44.292824,01,1291.5,100,000000001125
2026-02-24,95060,09:04:47.172147,01,1291,1100,000000001130
2026-02-24,95060,09:04:47.195854,01,1291,100,000000001132
2026-02-24,95060,09:04:49.604672,01,1290.5,200,000000001135
2026-02-24,95060,09:04:51.025548,01,1291,500,000000001137
2026-02-24,95060,09:04:54.773252,01,1290,200,000000001140
2026-02-24,95060,09:04:55.019318,01,1290.5,100,000000001142
2026-02-24,95060,09:04:55.466046,01,1290,3800,000000001150
2026-02-24,95060,09:04:55.485537,01,1290,200,000000001152
2026-02-24,95060,09:04:55.715088,01,1289.5,100,000000001155
2026-02-24,95060,09:04:55.715088,01,1289,100,000000001157
2026-02-24,95060,09:04:57.078753,01,1289.5,100,000000001159
2026-02-24,95060,09:04:57.079571,01,1289.5,100,000000001161
2026-02-24,95060,09:05:00.376560,01,1289.5,200,000000001163
2026-02-24,95060,09:05:00.378653,01,1289.5,1800,000000001166
2026-02-24,95060,09:05:00.489403,01,1289.5,100,000000001170
2026-02-24,95060,09:05:02.651276,01,1289.5,100,000000001172
2026-02-24,95060,09:05:02.651923,01,1289.5,100,000000001174
2026-02-24,95060,09:05:02.665818,01,1289.5,100,000000001176
2026-02-24,95060,09:05:02.665818,01,1290,2700,000000001178
2026-02-24,95060,09:05:02.711658,01,1289.5,200,000000001184
2026-02-24,95060,09:05:08.256774,01,1290,100,000000001186
2026-02-24,95060,09:05:09.472468,01,1289.5,100,000000001188
2026-02-24,95060,09:05:11.533069,01,1289,300,000000001191
2026-02-24,95060,09:05:11.558262,01,1288.5,200,000000001194
2026-02-24,95060,09:05:12.041767,01,1288,200,000000001196
2026-02-24,95060,09:05:15.614831,01,1288,600,000000001198
2026-02-24,95060,09:05:22.016587,01,1287.5,100,000000001203
2026-02-24,95060,09:05:23.307314,01,1288,1000,000000001205
2026-02-24,95060,09:05:23.443845,01,1288,1200,000000001213
2026-02-24,95060,09:05:23.680426,01,1287.5,100,000000001215
2026-02-24,95060,09:05:26.835614,01,1286.5,300,000000001217
2026-02-24,95060,09:05:28.219729,01,1286.5,100,000000001219
2026-02-24,95060,09:05:30.329134,01,1286,200,000000001222
2026-02-24,95060,09:05:30.374336,01,1285.5,100,000000001224
2026-02-24,95060,09:05:37.239909,01,1286,2000,000000001226
2026-02-24,95060,09:05:40.242732,01,1286.5,200,000000001230
2026-02-24,95060,09:05:43.704174,01,1287,100,000000001233
2026-02-24,95060,09:05:47.698297,01,1287,100,000000001235
2026-02-24,95060,09:05:49.841538,01,1286,100,000000001237
2026-02-24,95060,09:06:00.287398,01,1285,200,000000001240
2026-02-24,95060,09:06:00.289844,01,1285,3200,000000001248
2026-02-24,95060,09:06:00.324068,01,1284.5,100,000000001250
2026-02-24,95060,09:06:00.710817,01,1284,500,000000001255
2026-02-24,95060,09:06:01.444854,01,1283.5,600,000000001260
2026-02-24,95060,09:06:05.885384,01,1283.5,100,000000001262
2026-02-24,95060,09:06:15.077755,01,1283,700,000000001268
2026-02-24,95060,09:06:15.788781,01,1282.5,400,000000001271
2026-02-24,95060,09:06:16.617895,01,1282,100,000000001273
2026-02-24,95060,09:06:17.486548,01,1282.5,200,000000001275
2026-02-24,95060,09:06:19.527946,01,1282.5,1600,000000001277
2026-02-24,95060,09:06:19.528601,01,1282.5,100,000000001282
2026-02-24,95060,09:06:19.572107,01,1282.5,100,000000001284
2026-02-24,95060,09:06:24.614588,01,1283,200,000000001286
2026-02-24,95060,09:06:24.615124,01,1283,100,000000001289
2026-02-24,95060,09:06:24.625490,01,1283,200,000000001291
2026-02-24,95060,09:06:24.626269,01,1283,200,000000001293
2026-02-24,95060,09:06:26.840336,01,1283,200,000000001296
2026-02-24,95060,09:06:32.099436,01,1282.5,100,000000001299
2026-02-24,95060,09:06:43.052067,01,1282.5,200,000000001301
2026-02-24,95060,09:06:43.052684,01,1282.5,100,000000001303
2026-02-24,95060,09:06:45.162789,01,1282.5,200,000000001305
2026-02-24,95060,09:06:45.164534,01,1282.5,1500,000000001307
2026-02-24,95060,09:06:45.279208,01,1282.5,100,000000001311
2026-02-24,95060,09:06:46.133551,01,1283,400,000000001313
2026-02-24,95060,09:06:46.446905,01,1283.5,200,000000001316
2026-02-24,95060,09:06:48.771809,01,1283.5,100,000000001319
2026-02-24,95060,09:06:50.331679,01,1283,500,000000001325
2026-02-24,95060,09:06:52.309022,01,1283,100,000000001327
2026-02-24,95060,09:06:53.316627,01,1283.5,200,000000001329
2026-02-24,95060,09:06:53.316627,01,1284,300,000000001332
2026-02-24,95060,09:06:57.151656,01,1283.5,400,000000001339
2026-02-24,95060,09:06:58.348207,01,1284,200,000000001341
2026-02-24,95060,09:06:58.970185,01,1284,1900,000000001344
2026-02-24,95060,09:07:01.938902,01,1284.5,1000,000000001349
2026-02-24,95060,09:07:01.941028,01,1284.5,100,000000001352
2026-02-24,95060,09:07:01.941976,01,1284.5,4300,000000001354
2026-02-24,95060,09:07:05.158947,01,1285,100,000000001360
2026-02-24,95060,09:07:05.163821,01,1285.5,100,000000001362
2026-02-24,95060,09:07:05.175253,01,1286,100,000000001364
2026-02-24,95060,09:07:05.189567,01,1286.5,700,000000001366
2026-02-24,95060,09:07:05.196613,01,1285.5,200,000000001372
2026-02-24,95060,09:07:05.208111,01,1285.5,400,000000001375
2026-02-24,95060,09:07:05.216555,01,1286,100,000000001377
2026-02-24,95060,09:07:05.217030,01,1286,100,000000001379
2026-02-24,95060,09:07:05.223609,01,1286,100,000000001381
2026-02-24,95060,09:07:05.831734,01,1285,100,000000001383
2026-02-24,95060,09:07:07.209265,01,1284.5,200,000000001385
2026-02-24,95060,09:07:08.752417,01,1284.5,100,000000001387
2026-02-24,95060,09:07:08.910391,01,1284,900,000000001391
2026-02-24,95060,09:07:10.251087,01,1283,200,000000001393
2026-02-24,95060,09:07:10.252142,01,1283,200,000000001395
2026-02-24,95060,09:07:13.650856,01,1283.5,100,000000001397
2026-02-24,95060,09:07:15.825553,01,1282.5,900,000000001401
2026-02-24,95060,09:07:26.782506,01,1282,4300,000000001407
2026-02-24,95060,09:07:26.784686,01,1282,900,000000001411
2026-02-24,95060,09:07:26.799291,01,1282,100,000000001413
2026-02-24,95060,09:07:31.807818,01,1281.5,500,000000001418
2026-02-24,95060,09:07:33.273491,01,1281.5,300,000000001422
2026-02-24,95060,09:07:39.033563,01,1281.5,1900,000000001424
2026-02-24,95060,09:07:39.034495,01,1281.5,300,000000001427
2026-02-24,95060,09:07:40.051001,01,1281.5,400,000000001432
2026-02-24,95060,09:07:40.070007,01,1281,1200,000000001440
2026-02-24,95060,09:07:40.070007,01,1280.5,2200,000000001452
2026-02-24,95060,09:07:40.070007,01,1280,1600,000000001459
2026-02-24,95060,09:07:40.180793,01,1280.5,200,000000001462
2026-02-24,95060,09:07:40.181620,01,1280.5,700,000000001467
2026-02-24,95060,09:07:40.181620,01,1280,500,000000001471
2026-02-24,95060,09:07:40.749497,01,1281,400,000000001473
2026-02-24,95060,09:07:40.855194,01,1281.5,300,000000001476
2026-02-24,95060,09:07:40.856129,01,1281.5,100,000000001479
2026-02-24,95060,09:07:41.570036,01,1282,100,000000001481
2026-02-24,95060,09:07:41.571544,01,1282,100,000000001483
2026-02-24,95060,09:07:43.810248,01,1282,200,000000001485
2026-02-24,95060,09:07:43.812210,01,1282,200,000000001488
2026-02-24,95060,09:07:44.154126,01,1281.5,200,000000001490
2026-02-24,95060,09:07:45.336059,01,1281.5,100,000000001492
2026-02-24,95060,09:07:46.717155,01,1281,100,000000001494
2026-02-24,95060,09:07:53.656808,01,1281.5,1000,000000001496
2026-02-24,95060,09:07:56.206504,01,1281,200,000000001505
2026-02-24,95060,09:08:06.001294,01,1280.5,300,000000001508
2026-02-24,95060,09:08:13.281977,01,1281,100,000000001510
2026-02-24,95060,09:08:13.285053,01,1281,200,000000001512
2026-02-24,95060,09:08:13.285807,01,1281,1800,000000001514
2026-02-24,95060,09:08:14.157613,01,1281.5,100,000000001521
2026-02-24,95060,09:08:15.170268,01,1281.5,200,000000001524
2026-02-24,95060,09:08:19.396880,01,1281.5,100,000000001526
2026-02-24,95060,09:08:21.158406,01,1281,200,000000001528
2026-02-24,95060,09:08:27.953638,01,1280.5,100,000000001530
2026-02-24,95060,09:08:29.889517,01,1281,1200,000000001532
2026-02-24,95060,09:08:29.889517,01,1281.5,2400,000000001539
2026-02-24,95060,09:08:29.889517,01,1282,5400,000000001548
2026-02-24,95060,09:08:29.889517,01,1282.5,900,000000001566
2026-02-24,95060,09:08:30.652880,01,1281,100,000000001573
2026-02-24,95060,09:08:30.652880,01,1280.5,900,000000001580
2026-02-24,95060,09:08:35.583335,01,1281.5,200,000000001582
2026-02-24,95060,09:08:37.328632,01,1281.5,100,000000001584
2026-02-24,95060,09:08:47.601746,01,1280.5,100,000000001586
2026-02-24,95060,09:08:48.927071,01,1280,3600,000000001589
2026-02-24,95060,09:08:48.929155,01,1280,400,000000001592
2026-02-24,95060,09:08:48.931124,01,1280,4900,000000001606
2026-02-24,95060,09:08:48.945492,01,1280,100,000000001608
2026-02-24,95060,09:08:48.997013,01,1280,2300,000000001610
2026-02-24,95060,09:08:49.371153,01,1279.5,500,000000001615
2026-02-24,95060,09:08:52.783660,01,1280.5,200,000000001617
2026-02-24,95060,09:08:52.785965,01,1280.5,200,000000001619
2026-02-24,95060,09:08:52.787740,01,1280.5,100,000000001621
2026-02-24,95060,09:08:53.469630,01,1280.5,100,000000001623
2026-02-24,95060,09:08:55.751392,01,1280.5,300,000000001625
2026-02-24,95060,09:08:56.271460,01,1280.5,200,000000001628
2026-02-24,95060,09:09:00.082753,01,1280.5,100,000000001630
2026-02-24,95060,09:09:02.146484,01,1280,300,000000001634
2026-02-24,95060,09:09:02.146484,01,1279.5,700,000000001636
2026-02-24,95060,09:09:04.601955,01,1280,100,000000001638
2026-02-24,95060,09:09:05.179263,01,1280.5,200,000000001640
2026-02-24,95060,09:09:05.609952,01,1280.5,200,000000001642
2026-02-24,95060,09:09:05.610408,01,1280.5,100,000000001644
2026-02-24,95060,09:09:05.611307,01,1280.5,600,000000001646
2026-02-24,95060,09:09:06.307148,01,1281,100,000000001648
2026-02-24,95060,09:09:11.253506,01,1281,100,000000001650
2026-02-24,95060,09:09:12.085277,01,1281,100,000000001652
2026-02-24,95060,09:09:12.097113,01,1281,100,000000001654
2026-02-24,95060,09:09:12.098401,01,1281,100,000000001656
2026-02-24,95060,09:09:12.102540,01,1281,200,000000001658
2026-02-24,95060,09:09:13.645866,01,1281.5,400,000000001660
2026-02-24,95060,09:09:13.645866,01,1282,1900,000000001664
2026-02-24,95060,09:09:13.645866,01,1282.5,7700,000000001673
2026-02-24,95060,09:09:17.062155,01,1283,200,000000001681
2026-02-24,95060,09:09:18.321733,01,1282.5,600,000000001686
2026-02-24,95060,09:09:18.619914,01,1282,200,000000001688
2026-02-24,95060,09:09:18.619914,01,1281.5,200,000000001690
2026-02-24,95060,09:09:32.009788,01,1282.5,100,000000001692
2026-02-24,95060,09:09:32.118621,01,1282.5,100,000000001694
2026-02-24,95060,09:09:32.477513,01,1282.5,100,000000001696
2026-02-24,95060,09:09:36.260800,01,1282.5,300,000000001698
2026-02-24,95060,09:09:38.835688,01,1282,200,000000001701
2026-02-24,95060,09:09:39.480118,01,1282,1100,000000001703
2026-02-24,95060,09:09:39.676952,01,1282.5,200,000000001705
2026-02-24,95060,09:09:41.955765,01,1282.5,100,000000001708
2026-02-24,95060,09:09:47.147754,01,1282.5,100,000000001710
2026-02-24,95060,09:09:47.148336,01,1282.5,100,000000001712
2026-02-24,95060,09:09:52.785147,01,1281.5,200,000000001714
2026-02-24,95060,09:09:54.341910,01,1281.5,400,000000001717
2026-02-24,95060,09:09:54.470319,01,1281,1000,000000001724
2026-02-24,95060,09:09:54.470319,01,1280.5,3500,000000001736
2026-02-24,95060,09:09:54.470319,01,1280,4800,000000001750
2026-02-24,95060,09:09:54.494579,01,1281,100,000000001752
2026-02-24,95060,09:09:54.508515,01,1281,100,000000001754
2026-02-24,95060,09:09:59.343263,01,1281.5,400,000000001757
2026-02-24,95060,09:10:01.192205,01,1281,100,000000001759
2026-02-24,95060,09:10:01.193089,01,1281,1600,000000001761
2026-02-24,95060,09:10:04.401420,01,1281,200,000000001763
2026-02-24,95060,09:10:04.601523,01,1281.5,200,000000001766
2026-02-24,95060,09:10:04.602134,01,1281.5,200,000000001769
2026-02-24,95060,09:10:04.605119,01,1281.5,300,000000001771
2026-02-24,95060,09:10:05.659279,01,1282,100,000000001774
2026-02-24,95060,09:10:07.365209,01,1282,100,000000001776
2026-02-24,95060,09:10:07.367336,01,1282,100,000000001778
2026-02-24,95060,09:10:08.050816,01,1282.5,800,000000001780
2026-02-24,95060,09:10:08.063948,01,1282.5,100,000000001786
2026-02-24,95060,09:10:13.761150,01,1283,3500,000000001788
2026-02-24,95060,09:10:14.661564,01,1283.5,4500,000000001793
2026-02-24,95060,09:10:14.673015,01,1284,400,000000001802
2026-02-24,95060,09:10:16.036022,01,1284,100,000000001806
2026-02-24,95060,09:10:16.342203,01,1284.5,500,000000001808
2026-02-24,95060,09:10:18.075095,01,1284.5,400,000000001816
2026-02-24,95060,09:10:19.538605,01,1284,700,000000001820
2026-02-24,95060,09:10:19.584790,01,1283,100,000000001822
2026-02-24,95060,09:10:21.164169,01,1282.5,100,000000001824
2026-02-24,95060,09:10:21.684425,01,1282.5,200,000000001826
2026-02-24,95060,09:10:21.685184,01,1282.5,200,000000001829
2026-02-24,95060,09:10:21.833982,01,1283,1000,000000001831
2026-02-24,95060,09:10:22.730005,01,1283,300,000000001839
2026-02-24,95060,09:10:30.711229,01,1282.5,100,000000001841
2026-02-24,95060,09:10:30.713067,01,1282.5,100,000000001843
2026-02-24,95060,09:10:38.419690,01,1282.5,200,000000001845
2026-02-24,95060,09:10:38.420926,01,1282.5,300,000000001848
2026-02-24,95060,09:10:44.941852,01,1282.5,700,000000001850
2026-02-24,95060,09:10:44.945581,01,1282.5,300,000000001852
2026-02-24,95060,09:10:44.947133,01,1282.5,200,000000001854
2026-02-24,95060,09:10:44.947548,01,1282.5,300,000000001856
2026-02-24,95060,09:10:44.949624,01,1282.5,200,000000001860
2026-02-24,95060,09:10:44.957042,01,1282.5,100,000000001863
2026-02-24,95060,09:10:44.981739,01,1283,500,000000001865
2026-02-24,95060,09:10:45.443320,01,1283,100,000000001870
2026-02-24,95060,09:10:45.443320,01,1282.5,600,000000001874
2026-02-24,95060,09:10:47.450980,01,1283.5,2100,000000001876
2026-02-24,95060,09:10:47.451958,01,1283.5,200,000000001879
2026-02-24,95060,09:10:47.604703,01,1283,1100,000000001886
2026-02-24,95060,09:10:47.622607,01,1282.5,200,000000001889
2026-02-24,95060,09:10:49.684170,01,1282.5,200,000000001892
2026-02-24,95060,09:10:52.701039,01,1282.5,100,000000001894
2026-02-24,95060,09:10:52.702298,01,1282,600,000000001899
2026-02-24,95060,09:10:54.252264,01,1281.5,100,000000001901
2026-02-24,95060,09:11:03.649496,01,1281.5,500,000000001903
2026-02-24,95060,09:11:05.829942,01,1280.5,200,000000001906
2026-02-24,95060,09:11:11.140352,01,1280,100,000000001908
2026-02-24,95060,09:11:11.141023,01,1280,200,000000001911
2026-02-24,95060,09:11:11.141678,01,1280,200,000000001913
2026-02-24,95060,09:11:11.242030,01,1280,100,000000001915
2026-02-24,95060,09:11:13.222862,01,1280.5,100,000000001917
2026-02-24,95060,09:11:13.223313,01,1280.5,100,000000001919
2026-02-24,95060,09:11:17.430467,01,1280.5,100,000000001921
2026-02-24,95060,09:11:17.433280,01,1280.5,1900,000000001923
2026-02-24,95060,09:11:19.567944,01,1280.5,100,000000001929
2026-02-24,95060,09:11:25.049594,01,1280,400,000000001934
2026-02-24,95060,09:11:28.157749,01,1279.5,1700,000000001941
2026-02-24,95060,09:11:28.172446,01,1279.5,300,000000001943
2026-02-24,95060,09:11:28.172446,01,1280,100,000000001946
2026-02-24,95060,09:11:29.443881,01,1279.5,100,000000001948
2026-02-24,95060,09:11:40.102578,01,1279.5,100,000000001950
2026-02-24,95060,09:11:40.104096,01,1280,100,000000001952
2026-02-24,95060,09:11:54.909707,01,1279,100,000000001954
2026-02-24,95060,09:12:04.031173,01,1280,100,000000001956
2026-02-24,95060,09:12:04.031761,01,1280,200,000000001958
2026-02-24,95060,09:12:04.032281,01,1280,100,000000001960
2026-02-24,95060,09:12:04.032740,01,1280,2100,000000001962
2026-02-24,95060,09:12:09.800746,01,1280,100,000000001968
2026-02-24,95060,09:12:10.226362,01,1280.5,2200,000000001970
2026-02-24,95060,09:12:10.226362,01,1281,800,000000001977
2026-02-24,95060,09:12:11.514550,01,1280.5,100,000000001985
2026-02-24,95060,09:12:14.732420,01,1281,300,000000001987
2026-02-24,95060,09:12:18.635114,01,1281,100,000000001989
2026-02-24,95060,09:12:21.946344,01,1280.5,200,000000001992
2026-02-24,95060,09:12:25.052237,01,1280.5,100,000000001994
2026-02-24,95060,09:12:30.054378,01,1280.5,100,000000001996
2026-02-24,95060,09:12:31.644824,01,1280,600,000000001999
2026-02-24,95060,09:12:48.119037,01,1280,500,000000002001
2026-02-24,95060,09:12:48.316199,01,1280,1100,000000002003
2026-02-24,95060,09:12:48.332453,01,1280,200,000000002007
2026-02-24,95060,09:12:49.783321,01,1280,300,000000002011
2026-02-24,95060,09:12:49.786391,01,1280,200,000000002013
2026-02-24,95060,09:12:59.623858,01,1279.5,100,000000002015
2026-02-24,95060,09:12:59.774090,01,1279,200,000000002018
2026-02-24,95060,09:13:01.028230,01,1279.5,100,000000002020
2026-02-24,95060,09:13:01.056697,01,1279.5,300,000000002022
2026-02-24,95060,09:13:12.579082,01,1279,200,000000002025
2026-02-24,95060,09:13:13.921409,01,1279,100,000000002027
2026-02-24,95060,09:13:13.922171,01,1279,200,000000002029
2026-02-24,95060,09:13:14.408486,01,1278.5,100,000000002031
2026-02-24,95060,09:13:14.865383,01,1278.5,500,000000002033
2026-02-24,95060,09:13:14.866926,01,1278.5,1800,000000002037
2026-02-24,95060,09:13:19.154235,01,1278,700,000000002044
2026-02-24,95060,09:13:23.684938,01,1278,300,000000002048
2026-02-24,95060,09:13:23.739672,01,1277.5,100,000000002050
2026-02-24,95060,09:13:33.398420,01,1278,1900,000000002052
2026-02-24,95060,09:13:33.506403,01,1278,100,000000002056
2026-02-24,95060,09:13:35.556109,01,1278,100,000000002058
2026-02-24,95060,09:13:43.425113,01,1277.5,3000,000000002066
2026-02-24,95060,09:13:45.460607,01,1277,1000,000000002072
2026-02-24,95060,09:13:47.078248,01,1276.5,400,000000002074
2026-02-24,95060,09:13:47.079862,01,1276.5,100,000000002076
2026-02-24,95060,09:13:47.080403,01,1276.5,300,000000002078
2026-02-24,95060,09:13:49.089441,01,1276.5,500,000000002080
2026-02-24,95060,09:13:49.091213,01,1276.5,1000,000000002085
2026-02-24,95060,09:13:52.884234,01,1276,100,000000002087
2026-02-24,95060,09:13:54.958526,01,1276,200,000000002090
2026-02-24,95060,09:13:54.959569,01,1276,600,000000002095
2026-02-24,95060,09:13:58.029001,01,1276,100,000000002097
2026-02-24,95060,09:13:58.029941,01,1276,100,000000002099
2026-02-24,95060,09:13:59.691009,01,1276,700,000000002101
2026-02-24,95060,09:13:59.692078,01,1276,200,000000002105
2026-02-24,95060,09:13:59.692636,01,1276,200,000000002108
2026-02-24,95060,09:14:00.742790,01,1276,100,000000002110
2026-02-24,95060,09:14:00.743381,01,1276,200,000000002112
2026-02-24,95060,09:14:00.743861,01,1276,800,000000002114
2026-02-24,95060,09:14:02.331967,01,1276.5,200,000000002117
2026-02-24,95060,09:14:06.073363,01,1276.5,100,000000002119
2026-02-24,95060,09:14:06.726526,01,1277,600,000000002121
2026-02-24,95060,09:14:06.727680,01,1277,100,000000002124
2026-02-24,95060,09:14:06.738669,01,1277.5,100,000000002126
2026-02-24,95060,09:14:10.213027,01,1277.5,600,000000002128
2026-02-24,95060,09:14:10.225101,01,1278,200,000000002131
2026-02-24,95060,09:14:11.834831,01,1278,100,000000002134
2026-02-24,95060,09:14:19.291931,01,1277.5,200,000000002137
2026-02-24,95060,09:14:19.293961,01,1277.5,200,000000002140
2026-02-24,95060,09:14:25.180752,01,1277.5,1600,000000002142
2026-02-24,95060,09:14:31.456852,01,1277.5,100,000000002144
2026-02-24,95060,09:14:31.458263,01,1277.5,400,000000002146
2026-02-24,95060,09:14:34.299355,01,1278,100,000000002148
2026-02-24,95060,09:14:34.300431,01,1278,100,000000002150
2026-02-24,95060,09:14:34.307225,01,1278,100,000000002152
2026-02-24,95060,09:14:56.199886,01,1278,100,000000002154
2026-02-24,95060,09:14:56.200665,01,1278,300,000000002156
2026-02-24,95060,09:14:56.201261,01,1278,1300,000000002158
2026-02-24,95060,09:14:56.337741,01,1278.5,400,000000002162
2026-02-24,95060,09:14:58.798970,01,1278.5,100,000000002167
2026-02-24,95060,09:15:04.053142,01,1278,300,000000002169
2026-02-24,95060,09:15:15.211499,01,1278,1600,000000002173
2026-02-24,95060,09:15:15.211499,01,1278.5,400,000000002175
2026-02-24,95060,09:15:15.813055,01,1278.5,200,000000002180
2026-02-24,95060,09:15:18.287831,01,1278.5,1100,000000002182
2026-02-24,95060,09:15:19.301888,01,1279,7400,000000002186
2026-02-24,95060,09:15:20.087854,01,1279.5,100,000000002198
2026-02-24,95060,09:15:20.099827,01,1279.5,200,000000002200
2026-02-24,95060,09:15:20.129638,01,1279.5,1200,000000002202
2026-02-24,95060,09:15:20.130999,01,1279.5,800,000000002207
2026-02-24,95060,09:15:20.189827,01,1280,700,000000002209
2026-02-24,95060,09:15:21.148401,01,1279.5,200,000000002217
2026-02-24,95060,09:15:27.321526,01,1279.5,100,000000002219
2026-02-24,95060,09:15:27.371801,01,1279,100,000000002221
2026-02-24,95060,09:15:30.441500,01,1278.5,100,000000002223
2026-02-24,95060,09:15:31.073115,01,1278,100,000000002225
2026-02-24,95060,09:15:31.156957,01,1277.5,500,000000002229
2026-02-24,95060,09:15:31.156957,01,1277,2500,000000002238
2026-02-24,95060,09:15:32.557152,01,1278,100,000000002240
2026-02-24,95060,09:15:34.209064,01,1277.5,100,000000002242
2026-02-24,95060,09:15:34.209064,01,1277,100,000000002244
2026-02-24,95060,09:15:46.020154,01,1277,100,000000002246
2026-02-24,95060,09:15:52.397553,01,1277,100,000000002248
2026-02-24,95060,09:15:53.513710,01,1277.5,2000,000000002250
2026-02-24,95060,09:15:53.515946,01,1278,1400,000000002254
2026-02-24,95060,09:15:53.538552,01,1278.5,2500,000000002261
2026-02-24,95060,09:15:53.543653,01,1279,3300,000000002265
2026-02-24,95060,09:15:54.567384,01,1279.5,200,000000002275
2026-02-24,95060,09:15:58.296503,01,1279.5,200,000000002278
2026-02-24,95060,09:15:58.297301,01,1279.5,300,000000002280
2026-02-24,95060,09:15:58.421252,01,1279.5,800,000000002282
2026-02-24,95060,09:15:59.596948,01,1279.5,100,000000002285
2026-02-24,95060,09:16:01.169055,01,1280,100,000000002287
2026-02-24,95060,09:16:01.276548,01,1280,100,000000002289
2026-02-24,95060,09:16:11.016352,01,1280,100,000000002291
2026-02-24,95060,09:16:14.591481,01,1280.5,1000,000000002293
2026-02-24,95060,09:16:15.773425,01,1280,100,000000002301
2026-02-24,95060,09:16:16.736891,01,1280,200,000000002303
2026-02-24,95060,09:16:19.881438,01,1279.5,500,000000002305
2026-02-24,95060,09:16:27.213506,01,1279.5,100,000000002307
2026-02-24,95060,09:16:27.215536,01,1279.5,200,000000002309
2026-02-24,95060,09:16:27.217674,01,1279.5,300,000000002311
2026-02-24,95060,09:16:31.016379,01,1279.5,900,000000002313
2026-02-24,95060,09:16:32.545085,01,1280,100,000000002316
2026-02-24,95060,09:16:33.689763,01,1279.5,100,000000002318
2026-02-24,95060,09:16:33.765230,01,1280,100,000000002320
2026-02-24,95060,09:16:39.830527,01,1280.5,500,000000002322
2026-02-24,95060,09:16:39.832173,01,1281,3800,000000002327
2026-02-24,95060,09:16:39.864701,01,1281,300,000000002338
2026-02-24,95060,09:16:39.875584,01,1281,600,000000002342
2026-02-24,95060,09:16:39.959511,01,1281,100,000000002344
2026-02-24,95060,09:16:42.406214,01,1281,100,000000002346
2026-02-24,95060,09:16:42.406902,01,1281,100,000000002348
2026-02-24,95060,09:16:47.957136,01,1281.5,100,000000002350
2026-02-24,95060,09:16:47.959111,01,1281.5,200,000000002352
2026-02-24,95060,09:16:53.875376,01,1281,200,000000002354
2026-02-24,95060,09:16:57.921185,01,1281.5,1700,000000002356
2026-02-24,95060,09:16:57.921185,01,1282,2200,000000002359
2026-02-24,95060,09:16:57.921185,01,1282.5,6000,000000002366
2026-02-24,95060,09:16:57.921185,01,1283,5200,000000002381
2026-02-24,95060,09:16:57.921185,01,1283.5,4900,000000002395
2026-02-24,95060,09:16:57.992349,01,1282.5,100,000000002411
2026-02-24,95060,09:16:58.015806,01,1283.5,700,000000002413
2026-02-24,95060,09:16:58.047776,01,1284,200,000000002417
2026-02-24,95060,09:16:59.218127,01,1284.5,300,000000002419
2026-02-24,95060,09:16:59.540463,01,1284,1200,000000002426
2026-02-24,95060,09:17:02.243673,01,1284,900,000000002430
2026-02-24,95060,09:17:05.675700,01,1284.5,200,000000002432
2026-02-24,95060,09:17:09.439162,01,1284.5,200,000000002435
2026-02-24,95060,09:17:11.024665,01,1284,300,000000002439
2026-02-24,95060,09:17:13.566501,01,1284,500,000000002441
2026-02-24,95060,09:17:17.162691,01,1284,200,000000002445
2026-02-24,95060,09:17:17.163821,01,1284,900,000000002447
2026-02-24,95060,09:17:26.847265,01,1284.5,100,000000002449
2026-02-24,95060,09:17:26.847995,01,1284.5,100,000000002451
2026-02-24,95060,09:17:28.856443,01,1284.5,400,000000002453
2026-02-24,95060,09:17:31.033773,01,1284.5,200,000000002456
2026-02-24,95060,09:17:31.795543,01,1284,400,000000002458
2026-02-24,95060,09:17:32.044615,01,1283.5,100,000000002460
2026-02-24,95060,09:17:48.887830,01,1283.5,100,000000002462
2026-02-24,95060,09:17:50.258665,01,1283.5,100,000000002464
2026-02-24,95060,09:17:50.259459,01,1283.5,100,000000002466
2026-02-24,95060,09:17:50.260248,01,1284,100,000000002468
2026-02-24,95060,09:17:50.260948,01,1283.5,200,000000002470
2026-02-24,95060,09:17:50.261603,01,1283.5,400,000000002475
2026-02-24,95060,09:17:52.519802,01,1283.5,100,000000002477
2026-02-24,95060,09:17:58.843113,01,1284,1700,000000002479
2026-02-24,95060,09:17:58.874414,01,1284.5,700,000000002484
2026-02-24,95060,09:17:58.998278,01,1285,100,000000002487
2026-02-24,95060,09:17:58.999123,01,1285,300,000000002489
2026-02-24,95060,09:18:00.967581,01,1285,200,000000002494
2026-02-24,95060,09:18:10.052245,01,1285,400,000000002496
2026-02-24,95060,09:18:13.693547,01,1285,100,000000002498
2026-02-24,95060,09:18:13.748821,01,1285,100,000000002500
2026-02-24,95060,09:18:13.749739,01,1285,1200,000000002502
2026-02-24,95060,09:18:13.785656,01,1285.5,100,000000002506
2026-02-24,95060,09:18:15.883360,01,1285.5,200,000000002508
2026-02-24,95060,09:18:15.885343,01,1285.5,200,000000002511
2026-02-24,95060,09:18:15.887304,01,1285.5,100,000000002513
2026-02-24,95060,09:18:16.425228,01,1286,500,000000002515
2026-02-24,95060,09:18:16.467639,01,1286,200,000000002517
2026-02-24,95060,09:18:19.339770,01,1286.5,100,000000002520
2026-02-24,95060,09:18:20.447504,01,1286.5,100,000000002522
2026-02-24,95060,09:18:20.448626,01,1286.5,1400,000000002524
2026-02-24,95060,09:18:20.479454,01,1287,100,000000002529
2026-02-24,95060,09:18:20.480730,01,1287,400,000000002531
2026-02-24,95060,09:18:20.510724,01,1287,200,000000002536
2026-02-24,95060,09:18:20.535273,01,1287,100,000000002538
2026-02-24,95060,09:18:20.874095,01,1287.5,200,000000002540
2026-02-24,95060,09:18:23.857093,01,1287,100,000000002543
2026-02-24,95060,09:18:27.987269,01,1287,100,000000002545
2026-02-24,95060,09:18:29.240213,01,1287.5,300,000000002547
2026-02-24,95060,09:18:29.240213,01,1288,1100,000000002551
2026-02-24,95060,09:18:29.240213,01,1288.5,2100,000000002560
2026-02-24,95060,09:18:29.240213,01,1289,4700,000000002570
2026-02-24,95060,09:18:29.241905,01,1289,100,000000002586
2026-02-24,95060,09:18:29.242841,01,1289,1700,000000002588
2026-02-24,95060,09:18:29.287227,01,1289,100,000000002590
2026-02-24,95060,09:18:29.988181,01,1288,300,000000002592
2026-02-24,95060,09:18:32.736540,01,1287.5,700,000000002599
2026-02-24,95060,09:18:45.331885,01,1287,400,000000002602
2026-02-24,95060,09:18:45.545382,01,1287,1100,000000002604
2026-02-24,95060,09:19:13.245379,01,1287.5,100,000000002607
2026-02-24,95060,09:19:13.246047,01,1287.5,100,000000002609
2026-02-24,95060,09:19:13.246677,01,1287.5,200,000000002611
2026-02-24,95060,09:19:13.247343,01,1287.5,2000,000000002614
2026-02-24,95060,09:19:18.117888,01,1288,100,000000002621
2026-02-24,95060,09:19:21.039652,01,1288,100,000000002623
2026-02-24,95060,09:19:21.040156,01,1288,100,000000002625
2026-02-24,95060,09:19:21.040685,01,1288,200,000000002627
2026-02-24,95060,09:19:21.042461,01,1288,300,000000002630
2026-02-24,95060,09:19:21.043627,01,1288,700,000000002632
2026-02-24,95060,09:19:22.849956,01,1288.5,200,000000002635
2026-02-24,95060,09:19:23.756606,01,1288.5,200,000000002638
2026-02-24,95060,09:19:24.785798,01,1288.5,100,000000002640
2026-02-24,95060,09:19:27.174605,01,1288.5,800,000000002642
2026-02-24,95060,09:19:29.370566,01,1289,100,000000002645
2026-02-24,95060,09:19:33.082257,01,1289,300,000000002647
2026-02-24,95060,09:19:36.775558,01,1288.5,100,000000002649
2026-02-24,95060,09:19:36.776201,01,1288.5,200,000000002652
2026-02-24,95060,09:19:37.603254,01,1288.5,1700,000000002654
2026-02-24,95060,09:19:37.603254,01,1289,1600,000000002658
2026-02-24,95060,09:19:37.604670,01,1289,700,000000002663
2026-02-24,95060,09:19:37.606599,01,1289,1000,000000002665
2026-02-24,95060,09:19:39.058878,01,1288,100,000000002667
2026-02-24,95060,09:19:40.457845,01,1287.5,200,000000002670
2026-02-24,95060,09:19:40.947230,01,1287.5,100,000000002672
2026-02-24,95060,09:19:41.628455,01,1287,1500,000000002677
2026-02-24,95060,09:19:43.030849,01,1287.5,400,000000002679
2026-02-24,95060,09:19:43.030849,01,1288,2800,000000002683
2026-02-24,95060,09:19:43.030849,01,1288.5,1800,000000002697
2026-02-24,95060,09:19:45.527573,01,1288.5,100,000000002709
2026-02-24,95060,09:19:45.625139,01,1288.5,300,000000002711
2026-02-24,95060,09:19:45.625961,01,1288.5,200,000000002714
2026-02-24,95060,09:19:47.004599,01,1288.5,100,000000002716
2026-02-24,95060,09:19:47.008710,01,1288.5,100,000000002718
2026-02-24,95060,09:19:49.120214,01,1288.5,200,000000002721
2026-02-24,95060,09:19:52.493903,01,1288.5,400,000000002723
2026-02-24,95060,09:20:03.658228,01,1288.5,1800,000000002725
2026-02-24,95060,09:20:05.995564,01,1288.5,100,000000002729
2026-02-24,95060,09:20:09.201586,01,1288,5700,000000002736
2026-02-24,95060,09:20:10.214651,01,1287.5,100,000000002738
2026-02-24,95060,09:20:14.755830,01,1287.5,200,000000002741
2026-02-24,95060,09:20:14.776493,01,1287,1000,000000002747
2026-02-24,95060,09:20:16.712813,01,1286.5,100,000000002749
2026-02-24,95060,09:20:16.713348,01,1286.5,100,000000002751
2026-02-24,95060,09:20:21.048002,01,1287,100,000000002753
2026-02-24,95060,09:20:24.002423,01,1288,200,000000002755
2026-02-24,95060,09:20:27.858594,01,1288,100,000000002758
2026-02-24,95060,09:20:34.545864,01,1287.5,100,000000002760
2026-02-24,95060,09:20:36.618247,01,1287.5,100,000000002762
2026-02-24,95060,09:20:38.868234,01,1288,200,000000002764
2026-02-24,95060,09:20:38.868978,01,1288,100,000000002767
2026-02-24,95060,09:20:38.870851,01,1288,1600,000000002769
2026-02-24,95060,09:20:40.174869,01,1288,100,000000002774
2026-02-24,95060,09:20:40.241428,01,1287.5,100,000000002776
2026-02-24,95060,09:20:40.241428,01,1287,800,000000002784
2026-02-24,95060,09:20:51.618984,01,1287.5,100,000000002786
2026-02-24,95060,09:20:53.060162,01,1288,300,000000002788
2026-02-24,95060,09:20:53.063431,01,1288,400,000000002790
2026-02-24,95060,09:20:53.066350,01,1288,300,000000002792
2026-02-24,95060,09:20:54.656076,01,1288.5,400,000000002794
2026-02-24,95060,09:20:56.527776,01,1288.5,500,000000002799
2026-02-24,95060,09:20:58.629033,01,1288.5,100,000000002803
2026-02-24,95060,09:21:14.088529,01,1288,1000,000000002805
2026-02-24,95060,09:21:25.152071,01,1287.5,200,000000002809
2026-02-24,95060,09:21:27.712079,01,1287.5,100,000000002811
2026-02-24,95060,09:21:27.714474,01,1287.5,200,000000002813
2026-02-24,95060,09:21:27.716170,01,1287.5,1300,000000002815
2026-02-24,95060,09:21:28.280579,01,1288,200,000000002817
2026-02-24,95060,09:21:29.383931,01,1288,100,000000002820
2026-02-24,95060,09:21:31.211069,01,1288.5,300,000000002822
2026-02-24,95060,09:21:40.439912,01,1288,100,000000002826
2026-02-24,95060,09:21:43.474574,01,1287.5,700,000000002829
2026-02-24,95060,09:21:43.564984,01,1287.5,100,000000002831
2026-02-24,95060,09:21:48.212237,01,1287,1100,000000002836
2026-02-24,95060,09:21:57.324453,01,1286.5,200,000000002838
2026-02-24,95060,09:21:57.565996,01,1286.5,100,000000002840
2026-02-24,95060,09:21:57.566624,01,1286.5,100,000000002842
2026-02-24,95060,09:21:57.576367,01,1286.5,100,000000002844
2026-02-24,95060,09:21:57.590563,01,1286.5,100,000000002846
2026-02-24,95060,09:21:57.596061,01,1286.5,100,000000002848
2026-02-24,95060,09:21:59.650501,01,1286.5,1200,000000002850
2026-02-24,95060,09:21:59.743510,01,1286.5,100,000000002855
2026-02-24,95060,09:22:02.478252,01,1286,100,000000002857
2026-02-24,95060,09:22:03.589729,01,1286.5,500,000000002859
2026-02-24,95060,09:22:05.503468,01,1286.5,100,000000002864
2026-02-24,95060,09:22:15.914647,01,1286.5,200,000000002866
2026-02-24,95060,09:22:29.557754,01,1287,700,000000002868
2026-02-24,95060,09:22:31.494478,01,1287.5,300,000000002872
2026-02-24,95060,09:22:35.227761,01,1286.5,100,000000002875
2026-02-24,95060,09:22:50.341132,01,1286.5,100,000000002877
2026-02-24,95060,09:22:50.353868,01,1286.5,2100,000000002879
2026-02-24,95060,09:22:57.044044,01,1286.5,100,000000002885
2026-02-24,95060,09:22:57.143329,01,1286,100,000000002887
2026-02-24,95060,09:23:00.823998,01,1286,500,000000002889
2026-02-24,95060,09:23:00.825999,01,1286,400,000000002892
2026-02-24,95060,09:23:02.980705,01,1285.5,100,000000002894
2026-02-24,95060,09:23:03.299828,01,1285.5,100,000000002896
2026-02-24,95060,09:23:03.960237,01,1285.5,1700,000000002898
2026-02-24,95060,09:23:06.016783,01,1286,100,000000002903
2026-02-24,95060,09:23:06.017759,01,1286,100,000000002905
2026-02-24,95060,09:23:13.923754,01,1285.5,100,000000002907
2026-02-24,95060,09:23:14.466908,01,1286,1300,000000002909
2026-02-24,95060,09:23:20.882768,01,1285.5,100,000000002911
2026-02-24,95060,09:23:21.456378,01,1285,1200,000000002914
2026-02-24,95060,09:23:23.560046,01,1285,100,000000002916
2026-02-24,95060,09:23:27.871048,01,1284.5,100,000000002918
2026-02-24,95060,09:23:27.872160,01,1284.5,100,000000002920
2026-02-24,95060,09:23:27.874662,01,1284.5,400,000000002925
2026-02-24,95060,09:23:32.695266,01,1284,100,000000002927
2026-02-24,95060,09:23:33.341283,01,1284,100,000000002929
2026-02-24,95060,09:23:33.752624,01,1284,400,000000002932
2026-02-24,95060,09:23:34.901233,01,1284,100,000000002934
2026-02-24,95060,09:23:34.902165,01,1284,200,000000002936
2026-02-24,95060,09:23:39.704227,01,1283.5,200,000000002938
2026-02-24,95060,09:23:39.748417,01,1283.5,100,000000002940
2026-02-24,95060,09:23:41.145701,01,1283.5,200,000000002942
2026-02-24,95060,09:23:41.843766,01,1283.5,700,000000002945
2026-02-24,95060,09:23:48.327981,01,1283,200,000000002947
2026-02-24,95060,09:23:50.097813,01,1283,200,000000002949
2026-02-24,95060,09:23:50.098273,01,1283,200,000000002951
2026-02-24,95060,09:23:50.098715,01,1283,200,000000002953
2026-02-24,95060,09:23:50.099864,01,1283,1000,000000002955
2026-02-24,95060,09:23:51.525147,01,1283,100,000000002957
2026-02-24,95060,09:24:02.006214,01,1282,600,000000002963
2026-02-24,95060,09:24:08.686042,01,1282.5,200,000000002965
2026-02-24,95060,09:24:08.688526,01,1282.5,100,000000002968
2026-02-24,95060,09:24:09.008177,01,1282.5,400,000000002972
2026-02-24,95060,09:24:09.010451,01,1282.5,100,000000002974
2026-02-24,95060,09:24:09.010916,01,1282.5,200,000000002976
2026-02-24,95060,09:24:09.011381,01,1282.5,300,000000002978
2026-02-24,95060,09:24:12.592972,01,1282.5,100,000000002980
2026-02-24,95060,09:24:28.416448,01,1282,200,000000002982
2026-02-24,95060,09:24:28.418134,01,1282.5,1700,000000002984
2026-02-24,95060,09:24:33.820684,01,1282.5,200,000000002989
2026-02-24,95060,09:24:38.246394,01,1282.5,100,000000002991
2026-02-24,95060,09:24:38.250555,01,1282.5,100,000000002993
2026-02-24,95060,09:24:56.933382,01,1281.5,400,000000002998
2026-02-24,95060,09:25:01.973041,01,1282,1700,000000003000
2026-02-24,95060,09:25:02.974586,01,1282.5,100,000000003008
2026-02-24,95060,09:25:12.228918,01,1282.5,100,000000003010
2026-02-24,95060,09:25:12.229456,01,1282.5,100,000000003012
2026-02-24,95060,09:25:14.367474,01,1282,200,000000003015
2026-02-24,95060,09:25:21.267484,01,1282.5,100,000000003017
2026-02-24,95060,09:25:21.933427,01,1282,900,000000003023
2026-02-24,95060,09:25:21.933427,01,1281.5,800,000000003030
2026-02-24,95060,09:25:24.671392,01,1282.5,100,000000003032
2026-02-24,95060,09:25:26.513068,01,1283,1100,000000003034
2026-02-24,95060,09:25:26.517311,01,1283,500,000000003037
2026-02-24,95060,09:25:41.017788,01,1282,100,000000003041
2026-02-24,95060,09:25:41.018389,01,1282,100,000000003043
2026-02-24,95060,09:25:41.018917,01,1282,100,000000003045
2026-02-24,95060,09:25:54.185864,01,1281.5,100,000000003047
2026-02-24,95060,09:25:55.121137,01,1281.5,100,000000003049
2026-02-24,95060,09:26:21.405115,01,1281,600,000000003054
2026-02-24,95060,09:26:21.405115,01,1280.5,1800,000000003059
2026-02-24,95060,09:26:30.020783,01,1281.5,300,000000003061
2026-02-24,95060,09:26:30.021724,01,1281.5,100,000000003063
2026-02-24,95060,09:26:30.022523,01,1281.5,100,000000003065
2026-02-24,95060,09:26:30.023021,01,1281.5,2900,000000003067
2026-02-24,95060,09:26:30.092676,01,1282,100,000000003075
2026-02-24,95060,09:26:30.544639,01,1282,1100,000000003077
2026-02-24,95060,09:26:30.546154,01,1282,600,000000003084
2026-02-24,95060,09:26:31.032976,01,1282,100,000000003086
2026-02-24,95060,09:26:35.145387,01,1282.5,1400,000000003088
2026-02-24,95060,09:26:35.148671,01,1282.5,800,000000003094
2026-02-24,95060,09:26:37.307336,01,1283,200,000000003096
2026-02-24,95060,09:26:37.319878,01,1283.5,100,000000003099
2026-02-24,95060,09:26:39.150646,01,1283.5,1100,000000003101
2026-02-24,95060,09:26:39.162726,01,1283.5,100,000000003110
2026-02-24,95060,09:26:39.164904,01,1283.5,100,000000003112
2026-02-24,95060,09:26:39.165434,01,1283.5,100,000000003114
2026-02-24,95060,09:26:54.715600,01,1283,200,000000003116
2026-02-24,95060,09:26:54.717764,01,1283,100,000000003118
2026-02-24,95060,09:26:58.219598,01,1282.5,200,000000003121
2026-02-24,95060,09:27:07.389024,01,1283.5,400,000000003123
2026-02-24,95060,09:27:12.642570,01,1283.5,1800,000000003126
2026-02-24,95060,09:27:15.095732,01,1284,500,000000003129
2026-02-24,95060,09:27:15.147188,01,1284.5,100,000000003134
2026-02-24,95060,09:27:20.646852,01,1284,300,000000003138
2026-02-24,95060,09:27:35.797319,01,1284,100,000000003140
2026-02-24,95060,09:27:40.001268,01,1283.5,200,000000003142
2026-02-24,95060,09:27:43.165050,01,1283.5,1100,000000003144
2026-02-24,95060,09:27:45.761071,01,1284,400,000000003147
2026-02-24,95060,09:27:47.537565,01,1284,600,000000003152
2026-02-24,95060,09:27:47.538785,01,1284,300,000000003156
2026-02-24,95060,09:27:51.080371,01,1284,100,000000003160
2026-02-24,95060,09:27:55.113659,01,1283,700,000000003164
2026-02-24,95060,09:28:04.202466,01,1282.5,400,000000003166
2026-02-24,95060,09:28:14.662543,01,1283,100,000000003168
2026-02-24,95060,09:28:16.369070,01,1282,200,000000003171
2026-02-24,95060,09:28:20.892366,01,1282,100,000000003173
2026-02-24,95060,09:28:21.709862,01,1282.5,100,000000003175
2026-02-24,95060,09:28:21.710778,01,1282.5,100,000000003177
2026-02-24,95060,09:28:21.711256,01,1282.5,1300,000000003179
2026-02-24,95060,09:28:23.519129,01,1283,300,000000003182
2026-02-24,95060,09:28:26.788838,01,1283.5,200,000000003185
2026-02-24,95060,09:28:26.895417,01,1284,200,000000003187
2026-02-24,95060,09:28:30.222882,01,1284,500,000000003190
2026-02-24,95060,09:28:47.638932,01,1284,100,000000003196
2026-02-24,95060,09:28:50.360665,01,1283.5,100,000000003198
2026-02-24,95060,09:28:51.296689,01,1283,400,000000003203
2026-02-24,95060,09:29:29.175797,01,1283.5,100,000000003205
2026-02-24,95060,09:29:29.176269,01,1283.5,200,000000003207
2026-02-24,95060,09:29:29.177917,01,1283.5,200,000000003209
2026-02-24,95060,09:29:29.179034,01,1283.5,1900,000000003211
2026-02-24,95060,09:29:31.827623,01,1284,200,000000003220
2026-02-24,95060,09:29:31.914947,01,1284,300,000000003223
2026-02-24,95060,09:29:31.938743,01,1284,100,000000003226
2026-02-24,95060,09:29:36.579647,01,1284,200,000000003229
2026-02-24,95060,09:29:36.581463,01,1284,100,000000003231
2026-02-24,95060,09:29:37.602170,01,1283.5,100,000000003233
2026-02-24,95060,09:29:41.626636,01,1283.5,100,000000003235
2026-02-24,95060,09:30:00.065365,01,1284,900,000000003237
2026-02-24,95060,09:30:00.066494,01,1284,100,000000003240
2026-02-24,95060,09:30:05.325991,01,1284,400,000000003245
2026-02-24,95060,09:30:14.315381,01,1284,1500,000000003247
2026-02-24,95060,09:30:14.518138,01,1284.5,1000,000000003251
2026-02-24,95060,09:30:16.086166,01,1284,100,000000003257
2026-02-24,95060,09:30:23.185482,01,1283.5,700,000000003264
2026-02-24,95060,09:30:31.257024,01,1283.5,200,000000003266
2026-02-24,95060,09:30:31.257803,01,1283.5,100,000000003268
2026-02-24,95060,09:30:31.258738,01,1283.5,100,000000003270
2026-02-24,95060,09:30:35.575553,01,1284,100,000000003272
2026-02-24,95060,09:30:46.288189,01,1284.5,1400,000000003274
2026-02-24,95060,09:30:46.361348,01,1284.5,100,000000003279
2026-02-24,95060,09:30:46.777310,01,1284.5,100,000000003281
2026-02-24,95060,09:30:56.688367,01,1284,300,000000003285
2026-02-24,95060,09:30:56.698209,01,1284,100,000000003287
2026-02-24,95060,09:30:57.375996,01,1284,100,000000003289
2026-02-24,95060,09:31:16.416929,01,1284,1800,000000003291
2026-02-24,95060,09:31:16.475066,01,1284.5,200,000000003295
2026-02-24,95060,09:31:16.477960,01,1284,100,000000003298
2026-02-24,95060,09:31:16.531402,01,1284,100,000000003300
2026-02-24,95060,09:31:20.629791,01,1284,100,000000003302
2026-02-24,95060,09:31:25.293910,01,1283.5,100,000000003304
2026-02-24,95060,09:31:25.299426,01,1283.5,200,000000003307
2026-02-24,95060,09:31:26.239079,01,1283,300,000000003310
2026-02-24,95060,09:31:26.240185,01,1283,1400,000000003319
2026-02-24,95060,09:31:26.250930,01,1283.5,100,000000003321
2026-02-24,95060,09:31:28.895691,01,1283.5,100,000000003323
2026-02-24,95060,09:31:28.900651,01,1283.5,100,000000003325
2026-02-24,95060,09:31:37.406079,01,1283,200,000000003328
2026-02-24,95060,09:31:43.995154,01,1283,200,000000003330
2026-02-24,95060,09:31:45.621794,01,1283,1600,000000003333
2026-02-24,95060,09:31:53.507183,01,1283,1000,000000003345
2026-02-24,95060,09:31:56.300827,01,1283.5,200,000000003348
2026-02-24,95060,09:32:03.091199,01,1283,200,000000003350
2026-02-24,95060,09:32:29.703255,01,1283.5,200,000000003352
2026-02-24,95060,09:32:29.703928,01,1283.5,1900,000000003355
2026-02-24,95060,09:32:32.034707,01,1284,1700,000000003360
2026-02-24,95060,09:32:37.928275,01,1284,200,000000003366
2026-02-24,95060,09:32:43.762957,01,1283.5,100,000000003368
2026-02-24,95060,09:32:51.608414,01,1283.5,300,000000003372
2026-02-24,95060,09:32:53.711776,01,1283.5,200,000000003374
2026-02-24,95060,09:33:01.488972,01,1283.5,1500,000000003377
2026-02-24,95060,09:33:21.477494,01,1283.5,100,000000003382
2026-02-24,95060,09:33:22.894456,01,1283.5,400,000000003384
2026-02-24,95060,09:33:22.895368,01,1283.5,100,000000003386
2026-02-24,95060,09:33:22.896672,01,1283.5,200,000000003388
2026-02-24,95060,09:33:24.277465,01,1283.5,1300,000000003390
2026-02-24,95060,09:33:28.620941,01,1284,100,000000003394
2026-02-24,95060,09:33:28.621534,01,1284,100,000000003396
2026-02-24,95060,09:33:28.622097,01,1284,800,000000003398
2026-02-24,95060,09:33:29.776289,01,1284,100,000000003403
2026-02-24,95060,09:33:29.782331,01,1284,100,000000003405
2026-02-24,95060,09:33:46.173471,01,1284.5,1900,000000003407
2026-02-24,95060,09:33:46.188297,01,1284.5,100,000000003416
2026-02-24,95060,09:33:46.199895,01,1285,100,000000003418
2026-02-24,95060,09:33:47.187791,01,1284.5,100,000000003420
2026-02-24,95060,09:33:49.143005,01,1284.5,100,000000003422
2026-02-24,95060,09:33:53.864702,01,1285,100,000000003424
2026-02-24,95060,09:33:53.937155,01,1285,1400,000000003426
2026-02-24,95060,09:33:53.942340,01,1285,2500,000000003428
2026-02-24,95060,09:33:53.944927,01,1285,100,000000003430
2026-02-24,95060,09:33:53.945439,01,1285,200,000000003432
2026-02-24,95060,09:33:53.947479,01,1285,200,000000003434
2026-02-24,95060,09:33:58.238096,01,1285,100,000000003436
2026-02-24,95060,09:34:01.698696,01,1285,100,000000003438
2026-02-24,95060,09:34:02.868743,01,1285,300,000000003440
2026-02-24,95060,09:34:02.869765,01,1285,5800,000000003442
2026-02-24,95060,09:34:02.889827,01,1285.5,400,000000003449
2026-02-24,95060,09:34:02.901256,01,1286,800,000000003453
2026-02-24,95060,09:34:02.922283,01,1285.5,300,000000003460
2026-02-24,95060,09:34:02.924167,01,1286,100,000000003462
2026-02-24,95060,09:34:02.932084,01,1285.5,200,000000003465
2026-02-24,95060,09:34:02.947209,01,1285.5,100,000000003467
2026-02-24,95060,09:34:02.966934,01,1285.5,100,000000003469
2026-02-24,95060,09:34:02.968906,01,1285.5,100,000000003471
2026-02-24,95060,09:34:02.972756,01,1285.5,100,000000003473
2026-02-24,95060,09:34:02.979215,01,1285,600,000000003479
2026-02-24,95060,09:34:03.472672,01,1284.5,300,000000003482
2026-02-24,95060,09:34:08.753112,01,1285,200,000000003484
2026-02-24,95060,09:34:08.810682,01,1284.5,100,000000003486
2026-02-24,95060,09:34:17.238754,01,1284,100,000000003488
2026-02-24,95060,09:34:17.239272,01,1284,100,000000003490
2026-02-24,95060,09:34:17.240992,01,1284,2700,000000003497
2026-02-24,95060,09:34:17.254860,01,1284,100,000000003499
2026-02-24,95060,09:34:23.767827,01,1283.5,900,000000003505
2026-02-24,95060,09:34:25.117892,01,1283,1500,000000003508
2026-02-24,95060,09:34:25.122954,01,1283,900,000000003513
2026-02-24,95060,09:34:26.330740,01,1283,100,000000003515
2026-02-24,95060,09:34:28.791869,01,1282.5,400,000000003518
2026-02-24,95060,09:34:36.227103,01,1282.5,100,000000003520
2026-02-24,95060,09:34:43.016785,01,1282.5,2100,000000003522
2026-02-24,95060,09:34:43.018712,01,1282.5,100,000000003527
2026-02-24,95060,09:34:44.462405,01,1282.5,100,000000003529
2026-02-24,95060,09:34:44.462405,01,1282,900,000000003532
2026-02-24,95060,09:34:49.198471,01,1282.5,100,000000003534
2026-02-24,95060,09:34:50.290288,01,1282.5,200,000000003537
2026-02-24,95060,09:34:57.575765,01,1282,100,000000003539
2026-02-24,95060,09:34:57.576364,01,1282,100,000000003541
2026-02-24,95060,09:34:57.576902,01,1282,200,000000003543
2026-02-24,95060,09:34:57.578300,01,1282,300,000000003545
2026-02-24,95060,09:34:57.578792,01,1282,3700,000000003549
2026-02-24,95060,09:35:01.494572,01,1281.5,200,000000003551
2026-02-24,95060,09:35:01.496974,01,1281.5,100,000000003553
2026-02-24,95060,09:35:01.511738,01,1281.5,100,000000003555
2026-02-24,95060,09:35:05.024429,01,1282,100,000000003557
2026-02-24,95060,09:35:05.286459,01,1282,100,000000003559
2026-02-24,95060,09:35:14.607762,01,1282,100,000000003561
2026-02-24,95060,09:35:24.055563,01,1281.5,100,000000003563
2026-02-24,95060,09:35:24.056638,01,1281.5,300,000000003567
2026-02-24,95060,09:35:26.995212,01,1281.5,200,000000003569
2026-02-24,95060,09:35:29.091349,01,1281,1700,000000003572
2026-02-24,95060,09:35:29.092468,01,1281,1300,000000003574
2026-02-24,95060,09:35:29.094751,01,1281,2400,000000003578
2026-02-24,95060,09:35:29.098090,01,1281,600,000000003584
2026-02-24,95060,09:35:29.117727,01,1281,100,000000003586
2026-02-24,95060,09:35:31.549085,01,1280.5,300,000000003589
2026-02-24,95060,09:35:31.561115,01,1280.5,100,000000003591
2026-02-24,95060,09:35:32.764070,01,1282,2200,000000003617
2026-02-24,95060,09:35:32.764070,01,1280.5,1800,000000003593
2026-02-24,95060,09:35:32.764070,01,1281,1400,000000003597
2026-02-24,95060,09:35:32.764070,01,1281.5,2600,000000003603
2026-02-24,95060,09:35:37.215724,01,1281.5,200,000000003628
2026-02-24,95060,09:35:37.223255,01,1281.5,100,000000003630
2026-02-24,95060,09:35:56.069005,01,1281,200,000000003632
2026-02-24,95060,09:35:56.070119,01,1281,1800,000000003634
2026-02-24,95060,09:35:57.079525,01,1281,100,000000003643
2026-02-24,95060,09:35:59.055983,01,1281.5,200,000000003645
2026-02-24,95060,09:36:00.232542,01,1282,100,000000003647
2026-02-24,95060,09:36:02.397808,01,1282.5,200,000000003649
2026-02-24,95060,09:36:02.410979,01,1282.5,400,000000003652
2026-02-24,95060,09:36:09.514463,01,1281.5,100,000000003654
2026-02-24,95060,09:36:17.705515,01,1282,200,000000003656
2026-02-24,95060,09:36:19.393985,01,1281.5,400,000000003658
2026-02-24,95060,09:36:21.508502,01,1281.5,100,000000003660
2026-02-24,95060,09:36:24.221664,01,1281.5,200,000000003662
2026-02-24,95060,09:36:26.407476,01,1281.5,100,000000003664
2026-02-24,95060,09:36:26.452290,01,1281.5,100,000000003666
2026-02-24,95060,09:36:26.453430,01,1281.5,400,000000003668
2026-02-24,95060,09:36:31.286721,01,1281,100,000000003670
2026-02-24,95060,09:36:40.695098,01,1280.5,1000,000000003672
2026-02-24,95060,09:36:44.921139,01,1281,1000,000000003676
2026-02-24,95060,09:36:44.922372,01,1281,300,000000003681
2026-02-24,95060,09:36:46.299605,01,1281.5,100,000000003684
2026-02-24,95060,09:36:50.450384,01,1281,100,000000003686
2026-02-24,95060,09:37:08.844203,01,1280.5,200,000000003689
2026-02-24,95060,09:37:15.105395,01,1281,100,000000003691
2026-02-24,95060,09:37:22.009876,01,1280.5,200,000000003693
2026-02-24,95060,09:37:22.584663,01,1280.5,100,000000003696
2026-02-24,95060,09:37:22.585240,01,1280.5,200,000000003698
2026-02-24,95060,09:37:22.585773,01,1280.5,1400,000000003700
2026-02-24,95060,09:37:26.581679,01,1280.5,100,000000003703
2026-02-24,95060,09:37:43.390778,01,1280.5,100,000000003705
2026-02-24,95060,09:37:54.271488,01,1280,100,000000003707
2026-02-24,95060,09:37:54.278243,01,1280,200,000000003709
2026-02-24,95060,09:37:54.279111,01,1280,200,000000003711
2026-02-24,95060,09:37:54.279597,01,1280,3000,000000003718
2026-02-24,95060,09:37:55.564957,01,1280,600,000000003720
2026-02-24,95060,09:37:55.565770,01,1280,200,000000003722
2026-02-24,95060,09:38:01.872744,01,1280,100,000000003724
2026-02-24,95060,09:38:11.036433,01,1280,300,000000003728
2026-02-24,95060,09:38:11.038335,01,1280,100,000000003730
2026-02-24,95060,09:38:11.039196,01,1280,100,000000003732
2026-02-24,95060,09:38:11.048195,01,1280,100,000000003734
2026-02-24,95060,09:38:11.048992,01,1280,1000,000000003736
2026-02-24,95060,09:38:14.321086,01,1280,100,000000003738
2026-02-24,95060,09:38:19.025901,01,1280.5,600,000000003740
2026-02-24,95060,09:38:26.812599,01,1280.5,100,000000003745
2026-02-24,95060,09:38:32.704066,01,1281,500,000000003747
2026-02-24,95060,09:38:32.706060,01,1281,200,000000003752
2026-02-24,95060,09:38:32.719408,01,1281,100,000000003755
2026-02-24,95060,09:38:35.648986,01,1281,100,000000003757
2026-02-24,95060,09:38:46.951947,01,1280,900,000000003765
2026-02-24,95060,09:39:01.347134,01,1281,900,000000003767
2026-02-24,95060,09:39:02.009961,01,1280.5,100,000000003772
2026-02-24,95060,09:39:09.086711,01,1281,100,000000003774
2026-02-24,95060,09:39:11.919399,01,1281.5,200,000000003776
2026-02-24,95060,09:39:12.259563,01,1281.5,1500,000000003779
2026-02-24,95060,09:39:15.042966,01,1282,500,000000003784
2026-02-24,95060,09:39:15.042966,01,1282.5,500,000000003790
2026-02-24,95060,09:39:30.898387,01,1282.5,600,000000003795
2026-02-24,95060,09:39:36.205416,01,1283,900,000000003801
2026-02-24,95060,09:39:39.897915,01,1283.5,100,000000003809
2026-02-24,95060,09:39:39.928634,01,1283.5,400,000000003813
2026-02-24,95060,09:39:44.187857,01,1283.5,100,000000003815
2026-02-24,95060,09:39:44.189589,01,1283.5,100,000000003817
2026-02-24,95060,09:39:51.067471,01,1284,1000,000000003819
2026-02-24,95060,09:39:51.133087,01,1284,300,000000003826
2026-02-24,95060,09:39:53.335180,01,1284.5,1000,000000003830
2026-02-24,95060,09:39:55.306252,01,1285,100,000000003837
2026-02-24,95060,09:39:58.057420,01,1285.5,100,000000003839
2026-02-24,95060,09:40:02.526705,01,1286,200,000000003841
2026-02-24,95060,09:40:03.338820,01,1285,200,000000003845
2026-02-24,95060,09:40:10.781852,01,1285.5,200,000000003847
2026-02-24,95060,09:40:12.351441,01,1285,200,000000003851
2026-02-24,95060,09:40:38.515527,01,1284.5,200,000000003853
2026-02-24,95060,09:40:38.516830,01,1284.5,500,000000003859
2026-02-24,95060,09:40:46.870448,01,1285,100,000000003861
2026-02-24,95060,09:40:46.871381,01,1285,200,000000003863
2026-02-24,95060,09:40:46.871904,01,1285,200,000000003865
2026-02-24,95060,09:40:46.874260,01,1285,200,000000003867
2026-02-24,95060,09:40:54.084046,01,1285,200,000000003869
2026-02-24,95060,09:40:54.084646,01,1285,100,000000003872
2026-02-24,95060,09:40:54.085107,01,1285,200,000000003874
2026-02-24,95060,09:40:54.085665,01,1285,100,000000003877
2026-02-24,95060,09:41:27.770675,01,1285,700,000000003879
2026-02-24,95060,09:41:27.814075,01,1285,900,000000003882
2026-02-24,95060,09:41:30.019960,01,1285,100,000000003885
2026-02-24,95060,09:41:30.142371,01,1285,200,000000003887
2026-02-24,95060,09:41:31.683758,01,1284.5,200,000000003890
2026-02-24,95060,09:41:37.350082,01,1284,600,000000003897
2026-02-24,95060,09:41:49.330826,01,1283.5,300,000000003901
2026-02-24,95060,09:41:49.338695,01,1283.5,100,000000003903
2026-02-24,95060,09:42:00.529312,01,1283,200,000000003906
2026-02-24,95060,09:42:05.282699,01,1283,100,000000003908
2026-02-24,95060,09:42:05.282699,01,1282.5,100,000000003910
2026-02-24,95060,09:42:05.292651,01,1283,100,000000003912
2026-02-24,95060,09:42:16.710228,01,1282.5,500,000000003917
2026-02-24,95060,09:42:20.951470,01,1282,100,000000003919
2026-02-24,95060,09:42:38.491180,01,1282,100,000000003921
2026-02-24,95060,09:42:40.468054,01,1282.5,200,000000003923
2026-02-24,95060,09:42:40.468659,01,1282.5,1800,000000003925
2026-02-24,95060,09:42:41.168417,01,1283,100,000000003934
2026-02-24,95060,09:42:50.081480,01,1282.5,100,000000003936
2026-02-24,95060,09:42:50.081480,01,1282,100,000000003938
2026-02-24,95060,09:43:01.787518,01,1283,1000,000000003940
2026-02-24,95060,09:43:02.892532,01,1283,100,000000003946
2026-02-24,95060,09:43:07.343094,01,1283,100,000000003948
2026-02-24,95060,09:43:10.547563,01,1283,100,000000003950
2026-02-24,95060,09:43:10.548047,01,1283,200,000000003952
2026-02-24,95060,09:43:14.584018,01,1283,100,000000003954
2026-02-24,95060,09:43:15.187354,01,1283,100,000000003956
2026-02-24,95060,09:43:16.854888,01,1283,100,000000003958
2026-02-24,95060,09:43:27.201023,01,1283,700,000000003960
2026-02-24,95060,09:43:28.955290,01,1283.5,200,000000003964
2026-02-24,95060,09:43:34.815084,01,1284,100,000000003967
2026-02-24,95060,09:43:36.225596,01,1284,900,000000003969
2026-02-24,95060,09:43:45.510603,01,1284.5,400,000000003974
2026-02-24,95060,09:43:45.638939,01,1285,1000,000000003979
2026-02-24,95060,09:43:45.639946,01,1285,200,000000003983
2026-02-24,95060,09:43:45.643235,01,1285,100,000000003986
2026-02-24,95060,09:43:51.275938,01,1285.5,100,000000003988
2026-02-24,95060,09:43:51.277921,01,1285.5,100,000000003990
2026-02-24,95060,09:44:00.326171,01,1286,100,000000003992
2026-02-24,95060,09:44:00.327004,01,1286,100,000000003994
2026-02-24,95060,09:44:09.941923,01,1286,100,000000003996
2026-02-24,95060,09:44:14.162780,01,1286,100,000000003998
2026-02-24,95060,09:44:19.628308,01,1286.5,1900,000000004000
2026-02-24,95060,09:44:20.441382,01,1287,100,000000004006
2026-02-24,95060,09:44:21.698025,01,1287,100,000000004008
2026-02-24,95060,09:44:27.141588,01,1286.5,400,000000004013
2026-02-24,95060,09:44:29.451593,01,1286.5,200,000000004015
2026-02-24,95060,09:44:29.451593,01,1287,100,000000004018
2026-02-24,95060,09:44:30.122388,01,1286.5,100,000000004020
2026-02-24,95060,09:44:31.396299,01,1286,300,000000004023
2026-02-24,95060,09:44:48.877885,01,1286.5,100,000000004025
2026-02-24,95060,09:44:48.878454,01,1286.5,1300,000000004027
2026-02-24,95060,09:44:56.500346,01,1287.5,100,000000004031
2026-02-24,95060,09:44:59.989745,01,1287.5,100,000000004033
2026-02-24,95060,09:45:00.553977,01,1287.5,200,000000004035
2026-02-24,95060,09:45:06.900099,01,1288,200,000000004037
2026-02-24,95060,09:45:06.905305,01,1288,300,000000004039
2026-02-24,95060,09:45:09.950095,01,1288,1100,000000004043
2026-02-24,95060,09:45:11.246312,01,1288.5,300,000000004046
2026-02-24,95060,09:45:11.249128,01,1288.5,900,000000004048
2026-02-24,95060,09:45:11.272018,01,1289,400,000000004052
2026-02-24,95060,09:45:14.728792,01,1289.5,100,000000004054
2026-02-24,95060,09:45:15.076208,01,1289,400,000000004058
2026-02-24,95060,09:45:17.146961,01,1289,100,000000004060
2026-02-24,95060,09:45:23.417865,01,1288.5,100,000000004062
2026-02-24,95060,09:45:25.376929,01,1288,200,000000004065
2026-02-24,95060,09:45:43.107943,01,1287.5,200,000000004067
2026-02-24,95060,09:45:57.935900,01,1288,900,000000004069
2026-02-24,95060,09:46:00.605846,01,1288.5,200,000000004071
2026-02-24,95060,09:46:02.327387,01,1288.5,200,000000004075
2026-02-24,95060,09:46:18.721680,01,1288,500,000000004078
2026-02-24,95060,09:46:42.734183,01,1288.5,500,000000004080
2026-02-24,95060,09:46:42.735991,01,1288.5,1200,000000004082
2026-02-24,95060,09:46:42.973454,01,1288.5,100,000000004088
2026-02-24,95060,09:46:44.099407,01,1289,1200,000000004090
2026-02-24,95060,09:46:44.213204,01,1289.5,100,000000004095
2026-02-24,95060,09:46:47.479148,01,1290,1000,000000004097
2026-02-24,95060,09:46:47.480855,01,1290,700,000000004100
2026-02-24,95060,09:46:47.481429,01,1290,300,000000004102
2026-02-24,95060,09:46:47.484697,01,1290,400,000000004104
2026-02-24,95060,09:46:47.495694,01,1290.5,100,000000004109
2026-02-24,95060,09:46:47.507081,01,1290.5,100,000000004111
2026-02-24,95060,09:46:53.048780,01,1290.5,100,000000004113
2026-02-24,95060,09:46:53.415436,01,1290.5,100,000000004115
2026-02-24,95060,09:46:53.537794,01,1290.5,100,000000004117
2026-02-24,95060,09:46:56.518436,01,1290,1300,000000004122
2026-02-24,95060,09:46:56.526030,01,1290.5,200,000000004124
2026-02-24,95060,09:47:00.866343,01,1290.5,200,000000004127
2026-02-24,95060,09:47:00.873505,01,1290,100,000000004130
2026-02-24,95060,09:47:00.878593,01,1289.5,100,000000004132
2026-02-24,95060,09:47:18.267370,01,1289.5,600,000000004136
2026-02-24,95060,09:47:24.334347,01,1289.5,100,000000004138
2026-02-24,95060,09:47:25.148035,01,1289.5,1500,000000004140
2026-02-24,95060,09:47:33.413113,01,1290,100,000000004143
2026-02-24,95060,09:47:36.467691,01,1289.5,700,000000004145
2026-02-24,95060,09:47:36.467691,01,1290,800,000000004152
2026-02-24,95060,09:47:36.477084,01,1290,200,000000004160
2026-02-24,95060,09:47:36.565145,01,1289.5,200,000000004163
2026-02-24,95060,09:47:50.205826,01,1289.5,1500,000000004166
2026-02-24,95060,09:47:50.207700,01,1289.5,100,000000004171
2026-02-24,95060,09:47:50.208269,01,1289.5,300,000000004173
2026-02-24,95060,09:47:50.209160,01,1289.5,200,000000004175
2026-02-24,95060,09:47:50.211203,01,1289.5,300,000000004177
2026-02-24,95060,09:47:57.327433,01,1290,100,000000004179
2026-02-24,95060,09:47:57.334951,01,1290.5,100,000000004181
2026-02-24,95060,09:48:08.496248,01,1289.5,100,000000004183
2026-02-24,95060,09:48:11.618058,01,1289.5,300,000000004185
2026-02-24,95060,09:48:11.626713,01,1289.5,100,000000004187
2026-02-24,95060,09:48:15.426900,01,1289.5,400,000000004189
2026-02-24,95060,09:48:15.427849,01,1289.5,700,000000004191
2026-02-24,95060,09:48:30.573655,01,1289,900,000000004193
2026-02-24,95060,09:48:30.574552,01,1289,400,000000004195
2026-02-24,95060,09:48:39.012030,01,1289.5,100,000000004197
2026-02-24,95060,09:48:40.428997,01,1289,300,000000004201
2026-02-24,95060,09:48:49.828888,01,1288.5,500,000000004207
2026-02-24,95060,09:48:58.698955,01,1288,100,000000004209
2026-02-24,95060,09:49:06.466612,01,1288.5,1100,000000004211
2026-02-24,95060,09:49:08.540868,01,1288.5,100,000000004217
2026-02-24,95060,09:49:09.788896,01,1288.5,100,000000004219
2026-02-24,95060,09:49:09.939275,01,1288.5,200,000000004221
2026-02-24,95060,09:49:11.077678,01,1288.5,500,000000004223
2026-02-24,95060,09:49:23.802923,01,1289,600,000000004225
2026-02-24,95060,09:49:26.125814,01,1289.5,200,000000004230
2026-02-24,95060,09:49:31.518981,01,1289.5,100,000000004233
2026-02-24,95060,09:49:56.600938,01,1289.5,100,000000004235
2026-02-24,95060,09:49:58.272684,01,1289.5,100,000000004237
2026-02-24,95060,09:49:58.273699,01,1289.5,100,000000004239
2026-02-24,95060,09:50:05.327554,01,1289.5,600,000000004241
2026-02-24,95060,09:50:18.926275,01,1289,500,000000004249
2026-02-24,95060,09:50:48.663246,01,1288.5,500,000000004254
2026-02-24,95060,09:50:49.829152,01,1288.5,1000,000000004256
2026-02-24,95060,09:50:49.832679,01,1289,1400,000000004258
2026-02-24,95060,09:50:53.781559,01,1289,200,000000004267
2026-02-24,95060,09:51:20.062411,01,1289,200,000000004269
2026-02-24,95060,09:51:20.062886,01,1289,200,000000004271
2026-02-24,95060,09:51:20.065615,01,1289,300,000000004273
2026-02-24,95060,09:51:20.758318,01,1289,200,000000004275
2026-02-24,95060,09:51:20.759747,01,1289,600,000000004277
2026-02-24,95060,09:51:23.378214,01,1289,100,000000004279
2026-02-24,95060,09:51:52.080752,01,1289,100,000000004281
2026-02-24,95060,09:51:52.081225,01,1289,100,000000004283
2026-02-24,95060,09:51:54.503200,01,1288.5,100,000000004285
2026-02-24,95060,09:51:56.317666,01,1288,100,000000004287
2026-02-24,95060,09:52:10.282887,01,1288.5,200,000000004289
2026-02-24,95060,09:52:10.283531,01,1288.5,200,000000004292
2026-02-24,95060,09:52:10.285295,01,1288.5,800,000000004294
2026-02-24,95060,09:52:17.300286,01,1289,1800,000000004297
2026-02-24,95060,09:52:17.300286,01,1289.5,2500,000000004303
2026-02-24,95060,09:52:17.300286,01,1290,3200,000000004312
2026-02-24,95060,09:52:17.338377,01,1289.5,100,000000004330
2026-02-24,95060,09:52:17.928833,01,1289.5,100,000000004332
2026-02-24,95060,09:52:18.709561,01,1289.5,200,000000004335
2026-02-24,95060,09:52:25.780430,01,1290,200,000000004337
2026-02-24,95060,09:52:33.517644,01,1290,100,000000004340
2026-02-24,95060,09:52:33.518660,01,1290,100,000000004342
2026-02-24,95060,09:52:46.077911,01,1290,500,000000004345
2026-02-24,95060,09:53:00.101798,01,1289.5,1000,000000004352
2026-02-24,95060,09:53:01.872880,01,1289.5,100,000000004354
2026-02-24,95060,09:53:10.405339,01,1290,1300,000000004356
2026-02-24,95060,09:53:14.219604,01,1290,400,000000004361
2026-02-24,95060,09:53:14.227784,01,1290,100,000000004363
2026-02-24,95060,09:53:14.287738,01,1290,100,000000004365
2026-02-24,95060,09:53:18.294940,01,1290,1000,000000004367
2026-02-24,95060,09:53:29.423488,01,1289.5,1500,000000004377
2026-02-24,95060,09:53:29.423488,01,1289,2000,000000004388
2026-02-24,95060,09:53:30.440447,01,1289.5,100,000000004390
2026-02-24,95060,09:53:43.072335,01,1290,900,000000004392
2026-02-24,95060,09:53:47.840340,01,1290.5,300,000000004396
2026-02-24,95060,09:53:51.128328,01,1291,100,000000004400
2026-02-24,95060,09:54:00.969337,01,1291,100,000000004402
2026-02-24,95060,09:54:07.090590,01,1290.5,300,000000004406
2026-02-24,95060,09:54:08.444497,01,1290,200,000000004409
2026-02-24,95060,09:54:09.144656,01,1290.5,100,000000004411
2026-02-24,95060,09:54:38.957931,01,1289.5,300,000000004415
2026-02-24,95060,09:55:02.971354,01,1289.5,200,000000004417
2026-02-24,95060,09:55:09.103568,01,1290,100,000000004419
2026-02-24,95060,09:55:09.104489,01,1290,1400,000000004421
2026-02-24,95060,09:55:14.352619,01,1290.5,100,000000004425
2026-02-24,95060,09:55:16.016543,01,1290.5,1700,000000004427
2026-02-24,95060,09:55:16.946757,01,1291,800,000000004430
2026-02-24,95060,09:55:27.504582,01,1291.5,100,000000004436
2026-02-24,95060,09:55:28.349711,01,1291.5,900,000000004438
2026-02-24,95060,09:55:28.349711,01,1292,100,000000004445
2026-02-24,95060,09:55:36.164203,01,1292,100,000000004447
2026-02-24,95060,09:55:39.992682,01,1291.5,100,000000004449
2026-02-24,95060,09:55:39.993267,01,1291.5,300,000000004451
2026-02-24,95060,09:55:40.022544,01,1291.5,200,000000004453
2026-02-24,95060,09:55:40.925729,01,1291,700,000000004460
2026-02-24,95060,09:55:44.609767,01,1291,100,000000004462
2026-02-24,95060,09:55:47.017718,01,1291,100,000000004464
2026-02-24,95060,09:55:47.018979,01,1291,1600,000000004466
2026-02-24,95060,09:55:47.640347,01,1291,100,000000004472
2026-02-24,95060,09:55:47.657437,01,1291.5,200,000000004474
2026-02-24,95060,09:55:48.759758,01,1291.5,100,000000004477
2026-02-24,95060,09:56:37.066493,01,1292,200,000000004479
2026-02-24,95060,09:56:37.066995,01,1292,100,000000004481
2026-02-24,95060,09:56:37.067528,01,1292,3100,000000004483
2026-02-24,95060,09:56:37.153986,01,1292.5,100,000000004493
2026-02-24,95060,09:56:45.167526,01,1292.5,100,000000004495
2026-02-24,95060,09:56:45.190014,01,1292.5,100,000000004497
2026-02-24,95060,09:57:05.603298,01,1292,100,000000004499
2026-02-24,95060,09:57:05.604752,01,1292,200,000000004502
2026-02-24,95060,09:57:05.605730,01,1292,100,000000004504
2026-02-24,95060,09:57:20.353316,01,1292,1800,000000004506
2026-02-24,95060,09:57:20.991956,01,1292.5,100,000000004511
2026-02-24,95060,09:57:26.646473,01,1292.5,100,000000004513
2026-02-24,95060,09:57:26.647322,01,1292.5,400,000000004515
2026-02-24,95060,09:57:33.418243,01,1293,100,000000004518
2026-02-24,95060,09:57:39.726795,01,1293,600,000000004524
2026-02-24,95060,09:58:00.961754,01,1293.5,1200,000000004526
2026-02-24,95060,09:58:01.227127,01,1293.5,100,000000004531
2026-02-24,95060,09:58:12.531079,01,1294,100,000000004533
2026-02-24,95060,09:58:12.531664,01,1294,100,000000004535
2026-02-24,95060,09:58:12.532211,01,1294,100,000000004537
2026-02-24,95060,09:58:12.533473,01,1294,300,000000004539
2026-02-24,95060,09:58:17.762159,01,1294,200,000000004543
2026-02-24,95060,09:58:20.205857,01,1294,100,000000004546
2026-02-24,95060,09:58:20.812496,01,1294,100,000000004548
2026-02-24,95060,09:58:37.582837,01,1294,900,000000004550
2026-02-24,95060,09:58:40.565519,01,1294,100,000000004553
2026-02-24,95060,09:58:40.566511,01,1294,100,000000004555
2026-02-24,95060,09:58:52.779510,01,1294,100,000000004557
2026-02-24,95060,09:58:52.779995,01,1294,200,000000004559
2026-02-24,95060,09:58:52.780628,01,1294,300,000000004562
2026-02-24,95060,09:58:52.781942,01,1294,300,000000004564
2026-02-24,95060,09:59:18.992280,01,1294.5,200,000000004569
2026-02-24,95060,09:59:27.158606,01,1295,100,000000004571
2026-02-24,95060,09:59:36.328993,01,1294.5,100,000000004573
2026-02-24,95060,09:59:36.329603,01,1294.5,100,000000004575
2026-02-24,95060,09:59:36.330643,01,1294.5,200,000000004577
2026-02-24,95060,09:59:36.331189,01,1294.5,600,000000004580
2026-02-24,95060,09:59:54.050546,01,1294.5,400,000000004582
2026-02-24,95060,09:59:54.052083,01,1294.5,1700,000000004586
2026-02-24,95060,09:59:57.626683,01,1295,2300,000000004590
2026-02-24,95060,09:59:58.365199,01,1295,200,000000004596
2026-02-24,95060,10:00:00.278484,01,1295.5,200,000000004598
2026-02-24,95060,10:00:01.076093,01,1296,100,000000004601
2026-02-24,95060,10:00:01.076718,01,1296,100,000000004603
2026-02-24,95060,10:00:01.077319,01,1296,600,000000004605
2026-02-24,95060,10:00:04.529568,01,1296.5,100,000000004611
2026-02-24,95060,10:00:04.530333,01,1296.5,100,000000004613
2026-02-24,95060,10:00:11.078366,01,1296,900,000000004622
2026-02-24,95060,10:00:11.097729,01,1296,100,000000004624
2026-02-24,95060,10:00:15.781875,01,1295.5,1400,000000004637
2026-02-24,95060,10:00:15.955718,01,1295,1300,000000004648
2026-02-24,95060,10:00:15.955718,01,1294.5,5100,000000004665
2026-02-24,95060,10:00:15.955718,01,1294,6000,000000004681
2026-02-24,95060,10:00:15.955718,01,1293.5,3300,000000004693
2026-02-24,95060,10:00:16.275927,01,1294.5,100,000000004695
2026-02-24,95060,10:00:21.013299,01,1295,600,000000004697
2026-02-24,95060,10:00:21.014948,01,1295,200,000000004700
2026-02-24,95060,10:00:21.015826,01,1295,1400,000000004702
2026-02-24,95060,10:00:21.626168,01,1295,300,000000004704
2026-02-24,95060,10:00:22.931621,01,1294.5,100,000000004708
2026-02-24,95060,10:00:22.941543,01,1294.5,100,000000004710
2026-02-24,95060,10:00:27.490346,01,1294.5,100,000000004712
2026-02-24,95060,10:00:33.739425,01,1294.5,100,000000004714
2026-02-24,95060,10:00:36.877524,01,1295,100,000000004716
2026-02-24,95060,10:00:40.463050,01,1295,300,000000004718
2026-02-24,95060,10:00:43.869382,01,1295,100,000000004721
2026-02-24,95060,10:01:03.012224,01,1295,200,000000004723
2026-02-24,95060,10:01:03.017881,01,1295,1600,000000004725
2026-02-24,95060,10:01:05.328578,01,1295.5,100,000000004730
2026-02-24,95060,10:01:08.843631,01,1296,100,000000004732
2026-02-24,95060,10:01:13.866566,01,1296,100,000000004734
2026-02-24,95060,10:01:14.098805,01,1296,100,000000004736
2026-02-24,95060,10:01:17.185207,01,1296,100,000000004738
2026-02-24,95060,10:01:21.219381,01,1296,100,000000004740
2026-02-24,95060,10:01:30.921921,01,1296,1700,000000004742
2026-02-24,95060,10:01:37.606130,01,1296.5,100,000000004745
2026-02-24,95060,10:01:40.532597,01,1296.5,200,000000004747
2026-02-24,95060,10:01:40.533565,01,1296.5,100,000000004750
2026-02-24,95060,10:01:40.534012,01,1296.5,1200,000000004752
2026-02-24,95060,10:01:40.553379,01,1297,900,000000004756
2026-02-24,95060,10:01:56.938654,01,1297,200,000000004762
2026-02-24,95060,10:02:08.178923,01,1297,1000,000000004764
2026-02-24,95060,10:02:20.487166,01,1297,200,000000004769
2026-02-24,95060,10:02:20.488237,01,1297,1400,000000004771
2026-02-24,95060,10:02:20.588674,01,1297.5,200,000000004774
2026-02-24,95060,10:02:23.166098,01,1297.5,100,000000004777
2026-02-24,95060,10:02:23.191464,01,1297.5,100,000000004779
2026-02-24,95060,10:02:23.196571,01,1297.5,100,000000004781
2026-02-24,95060,10:02:23.197024,01,1297.5,100,000000004783
2026-02-24,95060,10:02:28.793482,01,1298,300,000000004785
2026-02-24,95060,10:02:30.870635,01,1298.5,100,000000004789
2026-02-24,95060,10:02:35.718322,01,1298.5,100,000000004791
2026-02-24,95060,10:02:44.773482,01,1298.5,100,000000004793
2026-02-24,95060,10:02:45.018183,01,1298.5,200,000000004795
2026-02-24,95060,10:02:45.020586,01,1298.5,700,000000004798
2026-02-24,95060,10:02:49.684073,01,1299,500,000000004800
2026-02-24,95060,10:02:50.337556,01,1299,100,000000004803
2026-02-24,95060,10:02:55.815351,01,1299,100,000000004805
2026-02-24,95060,10:02:57.613491,01,1299,100,000000004807
2026-02-24,95060,10:03:10.133238,01,1299,200,000000004810
2026-02-24,95060,10:03:11.635506,01,1298.5,200,000000004812
2026-02-24,95060,10:03:14.372133,01,1299,1500,000000004814
2026-02-24,95060,10:03:22.092130,01,1299.5,100,000000004818
2026-02-24,95060,10:03:30.589997,01,1299.5,100,000000004820
2026-02-24,95060,10:03:30.590482,01,1299.5,100,000000004822
2026-02-24,95060,10:03:33.416816,01,1299.5,200,000000004824
2026-02-24,95060,10:03:37.615869,01,1299.5,100,000000004827
2026-02-24,95060,10:03:42.530114,01,1299,200,000000004830
2026-02-24,95060,10:03:42.530749,01,1299,200,000000004833
2026-02-24,95060,10:03:51.705092,01,1299,500,000000004839
2026-02-24,95060,10:04:03.081551,01,1299,1000,000000004841
2026-02-24,95060,10:04:07.163993,01,1299.5,200,000000004847
2026-02-24,95060,10:04:25.228270,01,1300,100,000000004850
2026-02-24,95060,10:04:25.228907,01,1300,300,000000004852
2026-02-24,95060,10:04:25.229460,01,1300,200,000000004854
2026-02-24,95060,10:04:25.232389,01,1300,4000,000000004856
2026-02-24,95060,10:04:25.295798,01,1300.5,300,000000004868
2026-02-24,95060,10:04:26.783525,01,1300.5,100,000000004872
2026-02-24,95060,10:04:29.388480,01,1300.5,100,000000004874
2026-02-24,95060,10:04:31.371054,01,1300.5,300,000000004878
2026-02-24,95060,10:04:31.378823,01,1300.5,400,000000004880
2026-02-24,95060,10:04:31.378823,01,1301,300,000000004884
2026-02-24,95060,10:04:36.472030,01,1301,100,000000004887
2026-02-24,95060,10:04:45.416260,01,1301.5,800,000000004889
2026-02-24,95060,10:04:46.508331,01,1301.5,800,000000004900
2026-02-24,95060,10:04:46.508331,01,1301,2700,000000004915
2026-02-24,95060,10:04:47.836579,01,1302,1700,000000004917
2026-02-24,95060,10:04:47.836579,01,1302.5,2100,000000004929
2026-02-24,95060,10:04:47.840281,01,1302.5,1400,000000004938
2026-02-24,95060,10:04:47.841393,01,1302.5,2800,000000004940
2026-02-24,95060,10:04:47.879676,01,1302.5,100,000000004942
2026-02-24,95060,10:04:47.880509,01,1302.5,100,000000004944
2026-02-24,95060,10:04:47.883828,01,1302.5,100,000000004946
2026-02-24,95060,10:04:51.320819,01,1302.5,600,000000004951
2026-02-24,95060,10:05:00.871494,01,1302,300,000000004954
2026-02-24,95060,10:05:18.251418,01,1301,100,000000004956
2026-02-24,95060,10:05:18.253435,01,1301,200,000000004959
2026-02-24,95060,10:05:18.254203,01,1301,100,000000004961
2026-02-24,95060,10:05:18.256077,01,1301,100,000000004963
2026-02-24,95060,10:05:19.139185,01,1301,600,000000004965
2026-02-24,95060,10:05:25.685878,01,1301,100,000000004967
2026-02-24,95060,10:05:44.291102,01,1301,100,000000004969
2026-02-24,95060,10:05:51.542639,01,1301,100,000000004971
2026-02-24,95060,10:05:51.543148,01,1301,200,000000004974
2026-02-24,95060,10:05:51.544472,01,1301,200,000000004977
2026-02-24,95060,10:05:54.319646,01,1300.5,600,000000004983
2026-02-24,95060,10:05:57.253901,01,1300.5,600,000000004985
2026-02-24,95060,10:05:59.364947,01,1300.5,100,000000004989
2026-02-24,95060,10:06:02.660750,01,1300.5,900,000000004995
2026-02-24,95060,10:06:06.139444,01,1301,400,000000004997
2026-02-24,95060,10:06:08.986100,01,1301,400,000000005000
2026-02-24,95060,10:06:09.283214,01,1301,100,000000005002
2026-02-24,95060,10:06:10.451886,01,1301,100,000000005004
2026-02-24,95060,10:06:10.463676,01,1301,100,000000005006
2026-02-24,95060,10:06:18.897531,01,1301,200,000000005008
2026-02-24,95060,10:06:29.182750,01,1301,1000,000000005010
2026-02-24,95060,10:06:43.794474,01,1301,200,000000005015
2026-02-24,95060,10:06:56.991954,01,1301,200,000000005017
2026-02-24,95060,10:06:58.836745,01,1301,500,000000005019
2026-02-24,95060,10:07:12.374998,01,1301,100,000000005022
2026-02-24,95060,10:07:47.097998,01,1301,100,000000005024
2026-02-24,95060,10:07:50.396554,01,1301,1400,000000005026
2026-02-24,95060,10:07:55.691799,01,1301.5,1200,000000005030
2026-02-24,95060,10:07:57.485425,01,1301.5,200,000000005037
2026-02-24,95060,10:07:57.485425,01,1301,300,000000005041
2026-02-24,95060,10:08:05.389746,01,1301.5,100,000000005043
2026-02-24,95060,10:08:13.320570,01,1301.5,100,000000005045
2026-02-24,95060,10:08:22.538956,01,1301.5,300,000000005049
2026-02-24,95060,10:08:50.473429,01,1301,100,000000005051
2026-02-24,95060,10:08:50.712304,01,1301.5,300,000000005053
2026-02-24,95060,10:08:50.713291,01,1301.5,100,000000005056
2026-02-24,95060,10:08:50.713797,01,1301.5,200,000000005058
2026-02-24,95060,10:08:50.714677,01,1301.5,100,000000005060
2026-02-24,95060,10:08:50.715463,01,1301.5,700,000000005062
2026-02-24,95060,10:08:53.910621,01,1301.5,600,000000005068
2026-02-24,95060,10:08:53.918347,01,1301.5,100,000000005070
2026-02-24,95060,10:09:01.701514,01,1301,100,000000005072
2026-02-24,95060,10:09:01.702053,01,1301,300,000000005074
2026-02-24,95060,10:09:01.704600,01,1301,200,000000005077
2026-02-24,95060,10:09:43.638091,01,1301,200,000000005079
2026-02-24,95060,10:09:51.453825,01,1300.5,1600,000000005093
2026-02-24,95060,10:10:05.803264,01,1300.5,2900,000000005095
2026-02-24,95060,10:10:05.814739,01,1301,100,000000005104
2026-02-24,95060,10:10:05.818456,01,1301,100,000000005106
2026-02-24,95060,10:10:05.818898,01,1301,200,000000005108
2026-02-24,95060,10:10:10.134038,01,1300.5,100,000000005111
2026-02-24,95060,10:10:12.482289,01,1300,2000,000000005113
2026-02-24,95060,10:10:18.841332,01,1300,2700,000000005127
2026-02-24,95060,10:10:24.846966,01,1300,100,000000005129
2026-02-24,95060,10:10:29.222567,01,1299.5,1200,000000005131
2026-02-24,95060,10:10:29.223489,01,1299.5,100,000000005133
2026-02-24,95060,10:10:29.224369,01,1299.5,1300,000000005136
2026-02-24,95060,10:10:29.225730,01,1299.5,200,000000005138
2026-02-24,95060,10:10:34.440012,01,1300,100,000000005140
2026-02-24,95060,10:10:34.444182,01,1300,1500,000000005142
2026-02-24,95060,10:10:37.719536,01,1300.5,600,000000005145
2026-02-24,95060,10:10:37.719536,01,1301,3800,000000005151
2026-02-24,95060,10:10:37.719536,01,1301.5,2600,000000005165
2026-02-24,95060,10:10:45.795441,01,1301.5,200,000000005176
2026-02-24,95060,10:10:45.797194,01,1301.5,300,000000005178
2026-02-24,95060,10:10:46.476652,01,1302,100,000000005180
2026-02-24,95060,10:10:56.805951,01,1302,100,000000005182
2026-02-24,95060,10:10:56.806564,01,1302,200,000000005184
2026-02-24,95060,10:10:56.808865,01,1302,1600,000000005186
2026-02-24,95060,10:11:01.112324,01,1302,100,000000005192
2026-02-24,95060,10:11:07.229361,01,1302,100,000000005194
2026-02-24,95060,10:11:15.851865,01,1301.5,400,000000005199
2026-02-24,95060,10:11:22.937152,01,1301.5,100,000000005201
2026-02-24,95060,10:11:22.937152,01,1301,2400,000000005212
2026-02-24,95060,10:11:35.887786,01,1301,300,000000005215
2026-02-24,95060,10:11:59.550698,01,1300.5,1400,000000005224
2026-02-24,95060,10:12:05.459528,01,1300.5,100,000000005226
2026-02-24,95060,10:12:11.379878,01,1300.5,200,000000005228
2026-02-24,95060,10:12:13.725705,01,1300,700,000000005232
2026-02-24,95060,10:12:25.456503,01,1299.5,2400,000000005239
2026-02-24,95060,10:12:25.456503,01,1299,600,000000005241
2026-02-24,95060,10:12:28.875299,01,1299.5,100,000000005243
2026-02-24,95060,10:12:28.875919,01,1299.5,100,000000005245
2026-02-24,95060,10:12:56.339168,01,1299,100,000000005247
2026-02-24,95060,10:12:56.340822,01,1299,100,000000005249
2026-02-24,95060,10:12:56.341287,01,1299,1500,000000005252
2026-02-24,95060,10:12:56.342580,01,1299,300,000000005255
2026-02-24,95060,10:12:56.344227,01,1299,300,000000005258
2026-02-24,95060,10:13:06.306649,01,1299.5,2000,000000005260
2026-02-24,95060,10:13:06.316930,01,1300,100,000000005267
2026-02-24,95060,10:13:06.542163,01,1300,100,000000005269
2026-02-24,95060,10:13:35.189241,01,1300.5,1800,000000005271
2026-02-24,95060,10:13:38.094138,01,1301,300,000000005275
2026-02-24,95060,10:13:38.094754,01,1301,200,000000005278
2026-02-24,95060,10:13:38.095245,01,1301,200,000000005280
2026-02-24,95060,10:13:38.096677,01,1301,600,000000005282
2026-02-24,95060,10:13:39.104570,01,1301,100,000000005286
2026-02-24,95060,10:13:39.508660,01,1301,100,000000005288
2026-02-24,95060,10:13:39.509527,01,1301,200,000000005291
2026-02-24,95060,10:13:49.836245,01,1301.5,500,000000005293
2026-02-24,95060,10:13:58.718776,01,1301.5,500,000000005303
2026-02-24,95060,10:14:00.477810,01,1301.5,100,000000005305
2026-02-24,95060,10:14:00.600519,01,1301.5,1500,000000005307
2026-02-24,95060,10:14:02.906833,01,1301.5,100,000000005309
2026-02-24,95060,10:14:12.546101,01,1301,1200,000000005319
2026-02-24,95060,10:14:12.558142,01,1301,100,000000005321
2026-02-24,95060,10:14:12.568637,01,1301,100,000000005323
2026-02-24,95060,10:14:27.568993,01,1301,300,000000005326
2026-02-24,95060,10:14:30.424164,01,1300.5,100,000000005328
2026-02-24,95060,10:14:42.927264,01,1300.5,200,000000005330
2026-02-24,95060,10:14:42.927866,01,1300.5,100,000000005333
2026-02-24,95060,10:14:42.928778,01,1300.5,1000,000000005335
2026-02-24,95060,10:14:47.300304,01,1301,100,000000005338
2026-02-24,95060,10:15:03.499463,01,1300.5,100,000000005340
2026-02-24,95060,10:15:03.500064,01,1300.5,100,000000005342
2026-02-24,95060,10:15:03.500577,01,1300.5,200,000000005344
2026-02-24,95060,10:15:06.209332,01,1300.5,800,000000005346
2026-02-24,95060,10:15:06.210256,01,1300.5,100,000000005349
2026-02-24,95060,10:15:06.216944,01,1300.5,900,000000005351
2026-02-24,95060,10:15:12.547198,01,1300.5,200,000000005356
2026-02-24,95060,10:15:12.555111,01,1300.5,100,000000005358
2026-02-24,95060,10:15:15.790622,01,1300,500,000000005363
2026-02-24,95060,10:15:17.558484,01,1300,100,000000005365
2026-02-24,95060,10:15:17.561346,01,1300,100,000000005367
2026-02-24,95060,10:15:22.811399,01,1300.5,100,000000005369
2026-02-24,95060,10:15:22.822742,01,1300.5,100,000000005371
2026-02-24,95060,10:15:40.231181,01,1300,100,000000005373
2026-02-24,95060,10:15:44.530464,01,1300.5,800,000000005375
2026-02-24,95060,10:15:56.560596,01,1300.5,200,000000005379
2026-02-24,95060,10:16:04.714758,01,1300.5,100,000000005381
2026-02-24,95060,10:16:37.610700,01,1300.5,100,000000005383
2026-02-24,95060,10:16:45.709532,01,1300.5,300,000000005387
2026-02-24,95060,10:16:51.134396,01,1300.5,300,000000005389
2026-02-24,95060,10:16:51.135619,01,1300.5,600,000000005392
2026-02-24,95060,10:16:52.953072,01,1301,100,000000005397
2026-02-24,95060,10:16:57.086328,01,1301,200,000000005399
2026-02-24,95060,10:17:00.179776,01,1301,9600,000000005401
2026-02-24,95060,10:17:00.197263,01,1301.5,1400,000000005410
2026-02-24,95060,10:17:06.868175,01,1302,400,000000005415
2026-02-24,95060,10:17:11.063468,01,1302,100,000000005419
2026-02-24,95060,10:17:11.071954,01,1302,100,000000005421
2026-02-24,95060,10:17:16.984873,01,1301.5,600,000000005424
2026-02-24,95060,10:17:16.990613,01,1301.5,600,000000005430
2026-02-24,95060,10:17:16.991006,01,1302,1100,000000005432
2026-02-24,95060,10:17:16.999204,01,1302,400,000000005442
2026-02-24,95060,10:17:17.000975,01,1302,100,000000005444
2026-02-24,95060,10:17:17.399507,01,1301.5,200,000000005447
2026-02-24,95060,10:17:22.043440,01,1301.5,100,000000005449
2026-02-24,95060,10:17:23.318426,01,1301.5,300,000000005451
2026-02-24,95060,10:17:42.719535,01,1301.5,800,000000005454
2026-02-24,95060,10:17:46.619675,01,1302,100,000000005457
2026-02-24,95060,10:17:46.620214,01,1302,200,000000005459
2026-02-24,95060,10:18:10.347091,01,1302.5,100,000000005461
2026-02-24,95060,10:18:17.206526,01,1302.5,800,000000005463
2026-02-24,95060,10:18:17.208818,01,1302.5,200,000000005469
2026-02-24,95060,10:18:20.322640,01,1302.5,300,000000005472
2026-02-24,95060,10:18:26.562810,01,1302,100,000000005474
2026-02-24,95060,10:18:26.563312,01,1302,100,000000005476
2026-02-24,95060,10:18:28.678936,01,1302,100,000000005478
2026-02-24,95060,10:18:34.091115,01,1302,200,000000005480
2026-02-24,95060,10:18:39.107818,01,1302,800,000000005488
2026-02-24,95060,10:18:48.818461,01,1302,500,000000005490
2026-02-24,95060,10:18:58.656175,01,1302,400,000000005492
2026-02-24,95060,10:18:58.657793,01,1302,400,000000005495
2026-02-24,95060,10:19:30.596450,01,1302,1300,000000005497
2026-02-24,95060,10:19:37.155284,01,1302.5,100,000000005505
2026-02-24,95060,10:19:41.512880,01,1302.5,200,000000005507
2026-02-24,95060,10:19:51.688142,01,1302.5,100,000000005510
2026-02-24,95060,10:19:51.688980,01,1302.5,200,000000005512
2026-02-24,95060,10:19:51.690325,01,1302.5,100,000000005514
2026-02-24,95060,10:20:04.886255,01,1302,800,000000005522
2026-02-24,95060,10:20:04.898428,01,1302,100,000000005524
2026-02-24,95060,10:20:04.899705,01,1302,100,000000005526
2026-02-24,95060,10:20:07.004441,01,1301.5,1400,000000005536
2026-02-24,95060,10:20:10.383521,01,1301.5,100,000000005538
2026-02-24,95060,10:20:26.109776,01,1301.5,700,000000005540
2026-02-24,95060,10:20:26.111593,01,1301.5,800,000000005545
2026-02-24,95060,10:20:29.331590,01,1301.5,300,000000005549
2026-02-24,95060,10:20:41.438630,01,1301.5,800,000000005557
2026-02-24,95060,10:20:41.440860,01,1301.5,200,000000005559
2026-02-24,95060,10:20:41.441382,01,1301.5,1000,000000005561
2026-02-24,95060,10:20:50.854138,01,1301.5,100,000000005563
2026-02-24,95060,10:20:54.433844,01,1301.5,100,000000005565
2026-02-24,95060,10:21:25.166196,01,1301,1100,000000005573
2026-02-24,95060,10:21:34.160170,01,1300.5,100,000000005575
2026-02-24,95060,10:21:34.900881,01,1300.5,100,000000005577
2026-02-24,95060,10:21:34.902531,01,1300.5,200,000000005579
